%YAML 1.1
%TAG !u! tag:unity3d.com,2011:
--- !u!1001 &100100000
Prefab:
  m_ObjectHideFlags: 1
  serializedVersion: 2
  m_Modification:
    m_TransformParent: {fileID: 0}
    m_Modifications: []
    m_RemovedComponents: []
  m_ParentPrefab: {fileID: 0}
  m_RootGameObject: {fileID: 1839749391540944}
  m_IsPrefabParent: 1
--- !u!1 &1839749391540944
GameObject:
  m_ObjectHideFlags: 0
  m_PrefabParentObject: {fileID: 0}
  m_PrefabInternal: {fileID: 100100000}
  serializedVersion: 5
  m_Component:
  - component: {fileID: 4464749567731406}
  - component: {fileID: 114605450882305914}
  - component: {fileID: 114444015634251992}
  - component: {fileID: 114551980233939316}
  - component: {fileID: 114727317523900128}
  - component: {fileID: 114405644853086544}
  - component: {fileID: 114634948282105244}
  - component: {fileID: 114224571038837784}
  - component: {fileID: 114385156164352766}
  - component: {fileID: 114982922614478556}
  - component: {fileID: 114133065484545018}
  m_Layer: 0
  m_Name: GM
  m_TagString: Untagged
  m_Icon: {fileID: 0}
  m_NavMeshLayer: 0
  m_StaticEditorFlags: 0
  m_IsActive: 1
--- !u!4 &4464749567731406
Transform:
  m_ObjectHideFlags: 1
  m_PrefabParentObject: {fileID: 0}
  m_PrefabInternal: {fileID: 100100000}
  m_GameObject: {fileID: 1839749391540944}
  m_LocalRotation: {x: 0, y: 0, z: 0, w: 1}
  m_LocalPosition: {x: 0, y: 0, z: 0}
  m_LocalScale: {x: 1, y: 1, z: 1}
  m_Children: []
  m_Father: {fileID: 0}
  m_RootOrder: 0
  m_LocalEulerAnglesHint: {x: 0, y: 0, z: 0}
--- !u!114 &114133065484545018
MonoBehaviour:
  m_ObjectHideFlags: 1
  m_PrefabParentObject: {fileID: 0}
  m_PrefabInternal: {fileID: 100100000}
  m_GameObject: {fileID: 1839749391540944}
  m_Enabled: 1
  m_EditorHideFlags: 0
  m_Script: {fileID: 11500000, guid: 33297c0bf724e4203a44cd80299b24db, type: 3}
  m_Name: 
  m_EditorClassIdentifier: 
--- !u!114 &114224571038837784
MonoBehaviour:
  m_ObjectHideFlags: 1
  m_PrefabParentObject: {fileID: 0}
  m_PrefabInternal: {fileID: 100100000}
  m_GameObject: {fileID: 1839749391540944}
  m_Enabled: 1
  m_EditorHideFlags: 0
  m_Script: {fileID: 227461547, guid: dc443db3e92b4983b9738c1131f555cb, type: 3}
  m_Name: 
  m_EditorClassIdentifier: 
  manager: {fileID: 0}
  showGUI: 0
  offsetX: 0
  offsetY: 0
--- !u!114 &114385156164352766
MonoBehaviour:
  m_ObjectHideFlags: 1
  m_PrefabParentObject: {fileID: 0}
  m_PrefabInternal: {fileID: 100100000}
  m_GameObject: {fileID: 1839749391540944}
  m_Enabled: 1
  m_EditorHideFlags: 0
  m_Script: {fileID: 11500000, guid: c80b7c580b3094b48b9f02ccaf4f8ca5, type: 3}
  m_Name: 
  m_EditorClassIdentifier: 
  FPSCounterVisible: 0
  Fps: 0
  masterMixer: {fileID: 24100000, guid: 7bd1c08e80fbb7442b3b89df245ccd30, type: 2}
--- !u!114 &114405644853086544
MonoBehaviour:
  m_ObjectHideFlags: 1
  m_PrefabParentObject: {fileID: 0}
  m_PrefabInternal: {fileID: 100100000}
  m_GameObject: {fileID: 1839749391540944}
  m_Enabled: 1
  m_EditorHideFlags: 0
  m_Script: {fileID: 11500000, guid: 649c558e427bef54cb33c1791288cd66, type: 3}
  m_Name: 
  m_EditorClassIdentifier: 
  cursorPointer: {fileID: 2800000, guid: 3c76836b5f892684b9d541b03af36522, type: 3}
  cursorSelect: {fileID: 2800000, guid: 06cebcb5e0a9151479d845ec182aa164, type: 3}
  cursorSelectHighlighted: {fileID: 2800000, guid: d48ce4a7d9768cd47904d4ec5d7ab00e,
    type: 3}
  allyCursor: {fileID: 2800000, guid: d48ce4a7d9768cd47904d4ec5d7ab00e, type: 3}
  enemyCursor: {fileID: 2800000, guid: 06cebcb5e0a9151479d845ec182aa164, type: 3}
  pingCursor: {fileID: 2800000, guid: 3c76836b5f892684b9d541b03af36522, type: 3}
--- !u!114 &114444015634251992
MonoBehaviour:
  m_ObjectHideFlags: 1
  m_PrefabParentObject: {fileID: 0}
  m_PrefabInternal: {fileID: 100100000}
  m_GameObject: {fileID: 1839749391540944}
  m_Enabled: 1
  m_EditorHideFlags: 0
  m_Script: {fileID: 11500000, guid: 9d426bddb03a54787a43344e22c2d8bc, type: 3}
  m_Name: 
  m_EditorClassIdentifier: 
  register:
  - Name: tower projectile
    DressingPrefab: {fileID: 150382, guid: 7079324dc190241468d09abffbf8b13b, type: 2}
  - Name: revelation_projectile
    DressingPrefab: {fileID: 1000010452402700, guid: a65cddaf011d36a4095534f0aa81dec7,
      type: 2}
  defaultDressing: {fileID: 1738757779977442, guid: 8d662000d561c3b4ba60d7c6b0d44501,
    type: 2}
  bareProjectile: {fileID: 114724314801610414, guid: 3605f23657e8543e3b9fbe72b567b4e9,
    type: 2}
--- !u!114 &114551980233939316
MonoBehaviour:
  m_ObjectHideFlags: 1
  m_PrefabParentObject: {fileID: 0}
  m_PrefabInternal: {fileID: 100100000}
  m_GameObject: {fileID: 1839749391540944}
  m_Enabled: 1
  m_EditorHideFlags: 0
  m_Script: {fileID: 11500000, guid: e07fac4cb2ff6784b9e3f7d8ea6fc15a, type: 3}
  m_Name: 
  m_EditorClassIdentifier: 
  m_NetworkPort: 7777
  m_ServerBindToIP: 0
  m_ServerBindAddress: 
  m_NetworkAddress: aetherforged.mynetgear.com
  m_DontDestroyOnLoad: 1
  m_RunInBackground: 1
  m_ScriptCRCCheck: 1
  m_MaxDelay: 0.01
  m_LogLevel: 2
  m_PlayerPrefab: {fileID: 0}
  m_AutoCreatePlayer: 1
  m_PlayerSpawnMethod: 0
  m_OfflineScene: 
  m_OnlineScene: 
  m_SpawnPrefabs:
  - {fileID: 1000013518350246, guid: d24752e8c76f0704bb17f3d292e7cd95, type: 2}
  - {fileID: 1115282610275068, guid: 74db55de2aa7547f2a9d8c78c5be43c1, type: 2}
  - {fileID: 1346376142144070, guid: 4f80ea82afd2b47ceb4dfe40ada59b60, type: 2}
  - {fileID: 1059221389958330, guid: 3605f23657e8543e3b9fbe72b567b4e9, type: 2}
  - {fileID: 1799485190105092, guid: 4721a7145267d4b2fa9a723863d9fdd8, type: 2}
  m_CustomConfig: 0
  m_MaxConnections: 4
  m_ConnectionConfig:
    m_PacketSize: 1500
    m_FragmentSize: 500
    m_ResendTimeout: 1200
    m_DisconnectTimeout: 2000
    m_ConnectTimeout: 2000
    m_MinUpdateTimeout: 10
    m_PingTimeout: 500
    m_ReducedPingTimeout: 100
    m_AllCostTimeout: 20
    m_NetworkDropThreshold: 5
    m_OverflowDropThreshold: 5
    m_MaxConnectionAttempt: 10
    m_AckDelay: 33
    m_SendDelay: 10
    m_MaxCombinedReliableMessageSize: 100
    m_MaxCombinedReliableMessageCount: 10
    m_MaxSentMessageQueueSize: 128
    m_AcksType: 1
    m_UsePlatformSpecificProtocols: 0
    m_InitialBandwidth: 0
    m_BandwidthPeakFactor: 2
    m_WebSocketReceiveBufferMaxSize: 0
    m_UdpSocketReceiveBufferMaxSize: 0
    m_SSLCertFilePath: 
    m_SSLPrivateKeyFilePath: 
    m_SSLCAFilePath: 
    m_Channels: []
  m_GlobalConfig:
    m_ThreadAwakeTimeout: 1
    m_ReactorModel: 0
    m_ReactorMaximumReceivedMessages: 1024
    m_ReactorMaximumSentMessages: 1024
    m_MaxPacketSize: 2000
    m_MaxHosts: 16
    m_ThreadPoolSize: 1
    m_MinTimerTimeout: 1
    m_MaxTimerTimeout: 12000
    m_MinNetSimulatorTimeout: 1
    m_MaxNetSimulatorTimeout: 12000
  m_Channels: 0500000000000000
  m_UseWebSockets: 0
  m_UseSimulator: 0
  m_SimulatedLatency: 1
  m_PacketLossPercentage: 0
  m_MaxBufferedPackets: 16
  m_AllowFragmentation: 1
  m_MatchHost: mm.unet.unity3d.com
  m_MatchPort: 443
  matchName: default
  matchSize: 4
  isNetworkActive: 0
  matchMaker: {fileID: 0}
  PlayerCount: 0
--- !u!114 &114605450882305914
MonoBehaviour:
  m_ObjectHideFlags: 1
  m_PrefabParentObject: {fileID: 0}
  m_PrefabInternal: {fileID: 100100000}
  m_GameObject: {fileID: 1839749391540944}
  m_Enabled: 1
  m_EditorHideFlags: 0
  m_Script: {fileID: 11500000, guid: ffd35b91db0166a4f90a2030e47aadaa, type: 3}
  m_Name: 
  m_EditorClassIdentifier: 
  checkTick: 60
  DoNotSpawnMinons: 0
  DoNotSpawnTower: 0
  DidThirtySec: 0
  DidForgesLight: 0
  DidMinionSpawn: 0
  towerPositions:
  - {x: 48.3, y: -0.8, z: 14.9}
  - {x: 31.3, y: -0.8, z: 17.9}
  - {x: 18.4, y: -0.8, z: 29}
  nextMinionSpawnTime: 0
  gameOver: 0
  victory: 0
  passiveMoney: 1.5
  defaultKit: Visionary
  maxMiners: 18
  moneyPerMiner: 0.025
  opposingTeams: 1
  randomCharacter: 1
  allSpawns:
    aeris:
    - description: 
      color: {r: 0.3137255, g: 0.3137255, b: 0, a: 0.6}
      gogogo: {fileID: 0}
      team: 1
      kind: 1
      spec: 32
      spot: {x: 7040, y: 0}
    - description: 
      color: {r: 0.3137255, g: 0.3137255, b: 0, a: 0.6}
      gogogo: {fileID: 0}
      team: 1
      kind: 3
      spec: 32
      spot: {x: 5600, y: 0}
    aether:
    - description: 
      color: {r: 0.3137255, g: 0.3137255, b: 1, a: 0.6}
      gogogo: {fileID: 0}
      team: 2
      kind: 1
      spec: 32
      spot: {x: -7040, y: 0}
    - description: 
      color: {r: 0.3137255, g: 0.3137255, b: 1, a: 0.6}
      gogogo: {fileID: 0}
      team: 2
      kind: 3
      spec: 32
      spot: {x: -5600, y: 0}
    jungle:
    - description: 
      color: {r: 1, g: 0, b: 0, a: 0.6}
      gogogo: {fileID: 0}
      team: 3
      kind: 4
      spec: 90
      spot: {x: -1144, y: -60}
    - description: 
      color: {r: 1, g: 0, b: 0, a: 0.6}
      gogogo: {fileID: 0}
      team: 3
      kind: 4
      spec: 89
      spot: {x: -2000, y: -3400}
    - description: 
      color: {r: 1, g: 0, b: 0, a: 0.6}
      gogogo: {fileID: 0}
      team: 3
      kind: 4
      spec: 88
      spot: {x: -1800, y: 2800}
    - description: 
      color: {r: 1, g: 0, b: 0, a: 0.6}
      gogogo: {fileID: 0}
      team: 3
      kind: 4
      spec: 76
      spot: {x: -0, y: -0}
    - description: 
      color: {r: 1, g: 0, b: 0, a: 0.6}
      gogogo: {fileID: 0}
      team: 3
      kind: 4
      spec: 65
      spot: {x: 1450, y: -200}
    - description: 
      color: {r: 1, g: 0, b: 0, a: 0.6}
      gogogo: {fileID: 0}
      team: 3
      kind: 4
      spec: 66
      spot: {x: 2000, y: 3400}
    - description: 
      color: {r: 1, g: 0, b: 0, a: 0.6}
      gogogo: {fileID: 0}
      team: 3
      kind: 4
      spec: 67
      spot: {x: 1800, y: -2800}
    backup: []
  CurrentTeam: 1
  hideAetherSpawns: 0
  hideAerisSpawns: 0
  hideJungleSpawns: 0
  persistentGizmos: 0
  minionRoot: {fileID: 0}
  towerRoot: {fileID: 0}
  forgerRoot: {fileID: 0}
  corpseRoot: {fileID: 0}
  projectileRoot: {fileID: 0}
  recycleBin: {fileID: 0}
  towerMesh: {fileID: 4300000, guid: dff9d4b3594184bfcbb9c8bf2279c5a3, type: 3}
  towerCircle: {fileID: 0}
--- !u!114 &114634948282105244
MonoBehaviour:
  m_ObjectHideFlags: 1
  m_PrefabParentObject: {fileID: 0}
  m_PrefabInternal: {fileID: 100100000}
  m_GameObject: {fileID: 1839749391540944}
  m_Enabled: 1
  m_EditorHideFlags: 0
  m_Script: {fileID: 11500000, guid: 840a2c9cc5cbef54dbb9123cdff7cbac, type: 3}
  m_Name: 
  m_EditorClassIdentifier: 
  stable: {fileID: 11400000, guid: b97a5d921a3244489bea26e8d224417a, type: 2}
  homeTeam: 2
  localForger: {fileID: 0}
  playerKnob: {fileID: 0}
  teamColors:
    selfForgerColor: {r: 0.42352945, g: 0.6862745, b: 0.4039216, a: 1}
    allyTeamColor: {r: 0.3764706, g: 1, b: 0.85490197, a: 1}
    enemyTeamColor: {r: 1, g: 0.7921569, b: 0.3764706, a: 1}
    neutralTeamColor: {r: 0.80784315, g: 0.29803923, b: 0.29803923, a: 1}
--- !u!114 &114727317523900128
MonoBehaviour:
  m_ObjectHideFlags: 1
  m_PrefabParentObject: {fileID: 0}
  m_PrefabInternal: {fileID: 100100000}
  m_GameObject: {fileID: 1839749391540944}
  m_Enabled: 1
  m_EditorHideFlags: 0
  m_Script: {fileID: 11500000, guid: d87e9754a4776425f9362bf72b07b0dd, type: 3}
  m_Name: 
  m_EditorClassIdentifier: 
--- !u!114 &114982922614478556
MonoBehaviour:
  m_ObjectHideFlags: 1
  m_PrefabParentObject: {fileID: 0}
  m_PrefabInternal: {fileID: 100100000}
  m_GameObject: {fileID: 1839749391540944}
  m_Enabled: 1
  m_EditorHideFlags: 0
  m_Script: {fileID: 11500000, guid: dc93346b91b1d44df893776cc3040090, type: 3}
  m_Name: 
  m_EditorClassIdentifier: 
  persistentGizmos: 1
  oneTeam: {fileID: 11400000, guid: e38d22c6cd29e4c53b06d0c165f3607b, type: 2}
