%YAML 1.1
%TAG !u! tag:unity3d.com,2011:
--- !u!1001 &100100000
Prefab:
  m_ObjectHideFlags: 1
  serializedVersion: 2
  m_Modification:
    m_TransformParent: {fileID: 0}
    m_Modifications: []
    m_RemovedComponents: []
  m_ParentPrefab: {fileID: 0}
  m_RootGameObject: {fileID: 1877951907085332}
  m_IsPrefabParent: 1
--- !u!1 &1090978242128062
GameObject:
  m_ObjectHideFlags: 0
  m_PrefabParentObject: {fileID: 0}
  m_PrefabInternal: {fileID: 100100000}
  serializedVersion: 5
  m_Component:
  - component: {fileID: 4560739959888340}
  - component: {fileID: 135341561780487100}
  m_Layer: 15
  m_Name: InteractionForAI
  m_TagString: Untagged
  m_Icon: {fileID: 0}
  m_NavMeshLayer: 0
  m_StaticEditorFlags: 0
  m_IsActive: 1
--- !u!1 &1143211838846086
GameObject:
  m_ObjectHideFlags: 1
  m_PrefabParentObject: {fileID: 0}
  m_PrefabInternal: {fileID: 100100000}
  serializedVersion: 5
  m_Component:
  - component: {fileID: 4860503631915238}
  m_Layer: 8
  m_Name: Bone.003_end
  m_TagString: Untagged
  m_Icon: {fileID: 0}
  m_NavMeshLayer: 0
  m_StaticEditorFlags: 0
  m_IsActive: 1
--- !u!1 &1255411343672840
GameObject:
  m_ObjectHideFlags: 1
  m_PrefabParentObject: {fileID: 0}
  m_PrefabInternal: {fileID: 100100000}
  serializedVersion: 5
  m_Component:
  - component: {fileID: 4792631027679696}
  m_Layer: 8
  m_Name: Test_Dummy_Armature
  m_TagString: Untagged
  m_Icon: {fileID: 0}
  m_NavMeshLayer: 0
  m_StaticEditorFlags: 0
  m_IsActive: 1
--- !u!1 &1256119631365830
GameObject:
  m_ObjectHideFlags: 0
  m_PrefabParentObject: {fileID: 0}
  m_PrefabInternal: {fileID: 100100000}
  serializedVersion: 5
  m_Component:
  - component: {fileID: 4131039163752542}
  - component: {fileID: 114923384585451908}
  m_Layer: 8
  m_Name: Test_Dummy
  m_TagString: Untagged
  m_Icon: {fileID: 0}
  m_NavMeshLayer: 0
  m_StaticEditorFlags: 0
  m_IsActive: 1
--- !u!1 &1325764705804252
GameObject:
  m_ObjectHideFlags: 1
  m_PrefabParentObject: {fileID: 0}
  m_PrefabInternal: {fileID: 100100000}
  serializedVersion: 5
  m_Component:
  - component: {fileID: 4267914504867036}
  m_Layer: 8
  m_Name: Bone.003
  m_TagString: Untagged
  m_Icon: {fileID: 0}
  m_NavMeshLayer: 0
  m_StaticEditorFlags: 0
  m_IsActive: 1
--- !u!1 &1577289666691628
GameObject:
  m_ObjectHideFlags: 1
  m_PrefabParentObject: {fileID: 0}
  m_PrefabInternal: {fileID: 100100000}
  serializedVersion: 5
  m_Component:
  - component: {fileID: 4900895818714922}
  m_Layer: 8
  m_Name: Bone.001
  m_TagString: Untagged
  m_Icon: {fileID: 0}
  m_NavMeshLayer: 0
  m_StaticEditorFlags: 0
  m_IsActive: 1
--- !u!1 &1616196893369566
GameObject:
  m_ObjectHideFlags: 1
  m_PrefabParentObject: {fileID: 0}
  m_PrefabInternal: {fileID: 100100000}
  serializedVersion: 5
  m_Component:
  - component: {fileID: 4463006610147686}
  m_Layer: 8
  m_Name: Bone
  m_TagString: Untagged
  m_Icon: {fileID: 0}
  m_NavMeshLayer: 0
  m_StaticEditorFlags: 0
  m_IsActive: 1
--- !u!1 &1794519437294856
GameObject:
  m_ObjectHideFlags: 1
  m_PrefabParentObject: {fileID: 0}
  m_PrefabInternal: {fileID: 100100000}
  serializedVersion: 5
  m_Component:
  - component: {fileID: 4612702361004898}
  - component: {fileID: 137289099089121340}
  m_Layer: 8
  m_Name: Test_Dummy
  m_TagString: Untagged
  m_Icon: {fileID: 0}
  m_NavMeshLayer: 0
  m_StaticEditorFlags: 0
  m_IsActive: 1
--- !u!1 &1826820301166744
GameObject:
  m_ObjectHideFlags: 1
  m_PrefabParentObject: {fileID: 0}
  m_PrefabInternal: {fileID: 100100000}
  serializedVersion: 5
  m_Component:
  - component: {fileID: 4364349931539710}
  m_Layer: 8
  m_Name: Bone.002
  m_TagString: Untagged
  m_Icon: {fileID: 0}
  m_NavMeshLayer: 0
  m_StaticEditorFlags: 0
  m_IsActive: 1
--- !u!1 &1877951907085332
GameObject:
  m_ObjectHideFlags: 0
  m_PrefabParentObject: {fileID: 0}
  m_PrefabInternal: {fileID: 100100000}
  serializedVersion: 5
  m_Component:
  - component: {fileID: 4394674616189952}
  - component: {fileID: 208582121955180460}
  - component: {fileID: 136649169402560058}
  - component: {fileID: 114847714851982206}
  - component: {fileID: 114816604934584292}
  - component: {fileID: 95069394380874712}
  - component: {fileID: 114824729063418932}
  - component: {fileID: 114956938185960470}
  m_Layer: 8
  m_Name: Test_Dummy_Prefab
  m_TagString: Neutral
  m_Icon: {fileID: 0}
  m_NavMeshLayer: 0
  m_StaticEditorFlags: 0
  m_IsActive: 1
--- !u!4 &4131039163752542
Transform:
  m_ObjectHideFlags: 1
  m_PrefabParentObject: {fileID: 0}
  m_PrefabInternal: {fileID: 100100000}
  m_GameObject: {fileID: 1256119631365830}
  m_LocalRotation: {x: 0, y: 0, z: 0, w: 1}
  m_LocalPosition: {x: 0, y: 0, z: 0}
  m_LocalScale: {x: 0.5, y: 0.5, z: 0.5}
  m_Children:
  - {fileID: 4612702361004898}
  - {fileID: 4792631027679696}
  m_Father: {fileID: 4394674616189952}
  m_RootOrder: 0
  m_LocalEulerAnglesHint: {x: 0, y: 0, z: 0}
--- !u!4 &4267914504867036
Transform:
  m_ObjectHideFlags: 1
  m_PrefabParentObject: {fileID: 0}
  m_PrefabInternal: {fileID: 100100000}
  m_GameObject: {fileID: 1325764705804252}
  m_LocalRotation: {x: 0, y: 0.00000011920929, z: -0, w: 1}
  m_LocalPosition: {x: -0, y: 0.0086238785, z: 0}
  m_LocalScale: {x: 1, y: 1, z: 1}
  m_Children:
  - {fileID: 4860503631915238}
  m_Father: {fileID: 4364349931539710}
  m_RootOrder: 0
  m_LocalEulerAnglesHint: {x: 0, y: 0, z: 0}
--- !u!4 &4364349931539710
Transform:
  m_ObjectHideFlags: 1
  m_PrefabParentObject: {fileID: 0}
  m_PrefabInternal: {fileID: 100100000}
  m_GameObject: {fileID: 1826820301166744}
  m_LocalRotation: {x: 0, y: -0.00000011920929, z: -0, w: 1}
  m_LocalPosition: {x: -0, y: 0.01134721, z: 0}
  m_LocalScale: {x: 1, y: 1, z: 1}
  m_Children:
  - {fileID: 4267914504867036}
  m_Father: {fileID: 4900895818714922}
  m_RootOrder: 0
  m_LocalEulerAnglesHint: {x: 0, y: 0, z: 0}
--- !u!4 &4394674616189952
Transform:
  m_ObjectHideFlags: 1
  m_PrefabParentObject: {fileID: 0}
  m_PrefabInternal: {fileID: 100100000}
  m_GameObject: {fileID: 1877951907085332}
  m_LocalRotation: {x: 0, y: 0, z: 0, w: 1}
  m_LocalPosition: {x: 0, y: 0, z: 0}
  m_LocalScale: {x: 1, y: 1, z: 1}
  m_Children:
  - {fileID: 4131039163752542}
  - {fileID: 4560739959888340}
  m_Father: {fileID: 0}
  m_RootOrder: 0
  m_LocalEulerAnglesHint: {x: 0, y: 0, z: 0}
--- !u!4 &4463006610147686
Transform:
  m_ObjectHideFlags: 1
  m_PrefabParentObject: {fileID: 0}
  m_PrefabInternal: {fileID: 100100000}
  m_GameObject: {fileID: 1616196893369566}
  m_LocalRotation: {x: 0.7071068, y: 0, z: 0, w: 0.7071067}
  m_LocalPosition: {x: -0, y: 0, z: 0}
  m_LocalScale: {x: 1, y: 1, z: 1}
  m_Children:
  - {fileID: 4900895818714922}
  m_Father: {fileID: 4792631027679696}
  m_RootOrder: 0
  m_LocalEulerAnglesHint: {x: 0, y: 0, z: 0}
--- !u!4 &4560739959888340
Transform:
  m_ObjectHideFlags: 1
  m_PrefabParentObject: {fileID: 0}
  m_PrefabInternal: {fileID: 100100000}
  m_GameObject: {fileID: 1090978242128062}
  m_LocalRotation: {x: 0, y: 0, z: 0, w: 1}
  m_LocalPosition: {x: 0, y: 0, z: 0}
  m_LocalScale: {x: 1, y: 1, z: 1}
  m_Children: []
  m_Father: {fileID: 4394674616189952}
  m_RootOrder: 1
  m_LocalEulerAnglesHint: {x: 0, y: 0, z: 0}
--- !u!4 &4612702361004898
Transform:
  m_ObjectHideFlags: 1
  m_PrefabParentObject: {fileID: 0}
  m_PrefabInternal: {fileID: 100100000}
  m_GameObject: {fileID: 1794519437294856}
  m_LocalRotation: {x: 0.000000081460335, y: 0, z: -0, w: 1}
  m_LocalPosition: {x: -0, y: 0, z: 0}
  m_LocalScale: {x: 100, y: 100, z: 100}
  m_Children: []
  m_Father: {fileID: 4131039163752542}
  m_RootOrder: 0
  m_LocalEulerAnglesHint: {x: 0, y: 0, z: 0}
--- !u!4 &4792631027679696
Transform:
  m_ObjectHideFlags: 1
  m_PrefabParentObject: {fileID: 0}
  m_PrefabInternal: {fileID: 100100000}
  m_GameObject: {fileID: 1255411343672840}
  m_LocalRotation: {x: -0.7071068, y: 0, z: -0, w: 0.7071067}
  m_LocalPosition: {x: -0, y: 0, z: 0}
  m_LocalScale: {x: 100, y: 100, z: 100}
  m_Children:
  - {fileID: 4463006610147686}
  m_Father: {fileID: 4131039163752542}
  m_RootOrder: 1
  m_LocalEulerAnglesHint: {x: 0, y: 0, z: 0}
--- !u!4 &4860503631915238
Transform:
  m_ObjectHideFlags: 1
  m_PrefabParentObject: {fileID: 0}
  m_PrefabInternal: {fileID: 100100000}
  m_GameObject: {fileID: 1143211838846086}
  m_LocalRotation: {x: 0, y: -0, z: -0, w: 1}
  m_LocalPosition: {x: -0, y: 0.006978531, z: 0}
  m_LocalScale: {x: 1, y: 1, z: 1}
  m_Children: []
  m_Father: {fileID: 4267914504867036}
  m_RootOrder: 0
  m_LocalEulerAnglesHint: {x: 0, y: 0, z: 0}
--- !u!4 &4900895818714922
Transform:
  m_ObjectHideFlags: 1
  m_PrefabParentObject: {fileID: 0}
  m_PrefabInternal: {fileID: 100100000}
  m_GameObject: {fileID: 1577289666691628}
  m_LocalRotation: {x: 0, y: -0, z: -0, w: 1}
  m_LocalPosition: {x: -0, y: 0.013460898, z: 0}
  m_LocalScale: {x: 1, y: 1, z: 1}
  m_Children:
  - {fileID: 4364349931539710}
  m_Father: {fileID: 4463006610147686}
  m_RootOrder: 0
  m_LocalEulerAnglesHint: {x: 0, y: 0, z: 0}
--- !u!95 &95069394380874712
Animator:
  serializedVersion: 3
  m_ObjectHideFlags: 1
  m_PrefabParentObject: {fileID: 0}
  m_PrefabInternal: {fileID: 100100000}
  m_GameObject: {fileID: 1877951907085332}
  m_Enabled: 1
  m_Avatar: {fileID: 9000000, guid: 2aa2d31055197fc4b98860efe93f92a6, type: 3}
  m_Controller: {fileID: 9100000, guid: 6577fe12edc523a42ae3d318cdafd3bc, type: 2}
  m_CullingMode: 1
  m_UpdateMode: 0
  m_ApplyRootMotion: 0
  m_LinearVelocityBlending: 0
  m_WarningMessage: 
  m_HasTransformHierarchy: 1
  m_AllowConstantClipSamplingOptimization: 1
--- !u!114 &114816604934584292
MonoBehaviour:
  m_ObjectHideFlags: 1
  m_PrefabParentObject: {fileID: 0}
  m_PrefabInternal: {fileID: 100100000}
  m_GameObject: {fileID: 1877951907085332}
  m_Enabled: 1
  m_EditorHideFlags: 0
  m_Script: {fileID: -1768714887, guid: dc443db3e92b4983b9738c1131f555cb, type: 3}
  m_Name: 
  m_EditorClassIdentifier: 
  m_TransformSyncMode: 1
  m_SendInterval: 0.033333335
  m_SyncRotationAxis: 7
  m_RotationSyncCompression: 0
  m_SyncSpin: 0
  m_MovementTheshold: 0.001
  m_VelocityThreshold: 0.0001
  m_SnapThreshold: 5
  m_InterpolateRotation: 1
  m_InterpolateMovement: 1
--- !u!114 &114824729063418932
MonoBehaviour:
  m_ObjectHideFlags: 1
  m_PrefabParentObject: {fileID: 0}
  m_PrefabInternal: {fileID: 100100000}
  m_GameObject: {fileID: 1877951907085332}
  m_Enabled: 1
  m_EditorHideFlags: 0
  m_Script: {fileID: 11500000, guid: d2ff77adedb83c141944db81d67007d8, type: 3}
  m_Name: 
  m_EditorClassIdentifier: 
--- !u!114 &114847714851982206
MonoBehaviour:
  m_ObjectHideFlags: 1
  m_PrefabParentObject: {fileID: 0}
  m_PrefabInternal: {fileID: 100100000}
  m_GameObject: {fileID: 1877951907085332}
  m_Enabled: 1
  m_EditorHideFlags: 0
  m_Script: {fileID: 372142912, guid: dc443db3e92b4983b9738c1131f555cb, type: 3}
  m_Name: 
  m_EditorClassIdentifier: 
  m_SceneId:
    m_Value: 0
  m_AssetId:
    i0: 153
    i1: 142
    i2: 8
    i3: 106
    i4: 129
    i5: 102
    i6: 212
    i7: 228
    i8: 10
    i9: 50
    i10: 148
    i11: 97
    i12: 153
    i13: 135
    i14: 86
    i15: 111
  m_ServerOnly: 0
  m_LocalPlayerAuthority: 0
--- !u!114 &114923384585451908
MonoBehaviour:
  m_ObjectHideFlags: 1
  m_PrefabParentObject: {fileID: 0}
  m_PrefabInternal: {fileID: 100100000}
  m_GameObject: {fileID: 1256119631365830}
  m_Enabled: 0
  m_EditorHideFlags: 0
  m_Script: {fileID: 11500000, guid: d2ff77adedb83c141944db81d67007d8, type: 3}
  m_Name: 
  m_EditorClassIdentifier: 
--- !u!114 &114956938185960470
MonoBehaviour:
  m_ObjectHideFlags: 1
  m_PrefabParentObject: {fileID: 0}
  m_PrefabInternal: {fileID: 100100000}
  m_GameObject: {fileID: 1877951907085332}
  m_Enabled: 1
  m_EditorHideFlags: 0
  m_Script: {fileID: 11500000, guid: 483ac96cc88534f2eb4935d1497e91db, type: 3}
  m_Name: 
  m_EditorClassIdentifier: 
  radius: 0
  team: 0
  kitName: 
  kit: {fileID: 0}
  modelPrefab: {fileID: 0}
  model: {fileID: 0}
  level: 1
  health: 0
  bareStats:
    Power: 0
    Haste: 0
    Mastery: 0
    Penetration: 0
    Lifedrain: 0
    Tenacity: 0
    BaseAttackTime: 0
    AttackRange: 0
    MaxHealth: 0
    HealthRegen: 0
    AutoAttackDamage: 0
    AttackSpeed: 0
    Armor: 0
    Resistance: 0
    CooldownReduction: 0
    BonusCriticalDamage: 0
    MovementSpeed: 0
    HephisaltBounty: 0
    ExperienceBounty: 0
  levelStats:
    Power: 0
    Haste: 0
    Mastery: 0
    Penetration: 0
    Lifedrain: 0
    Tenacity: 0
    BaseAttackTime: 0
    AttackRange: 0
    MaxHealth: 0
    HealthRegen: 0
    AutoAttackDamage: 0
    AttackSpeed: 0
    Armor: 0
    Resistance: 0
    CooldownReduction: 0
    BonusCriticalDamage: 0
    MovementSpeed: 0
    HephisaltBounty: 0
    ExperienceBounty: 0
  flatBonus:
    Power: 0
    Haste: 0
    Mastery: 0
    Penetration: 0
    Lifedrain: 0
    Tenacity: 0
    BaseAttackTime: 0
    AttackRange: 0
    MaxHealth: 0
    HealthRegen: 0
    AutoAttackDamage: 0
    AttackSpeed: 0
    Armor: 0
    Resistance: 0
    CooldownReduction: 0
    BonusCriticalDamage: 0
    MovementSpeed: 0
    HephisaltBounty: 0
    ExperienceBounty: 0
  percentBonus:
    Power: 0
    Haste: 0
    Mastery: 0
    Penetration: 0
    Lifedrain: 0
    Tenacity: 0
    BaseAttackTime: 0
    AttackRange: 0
    MaxHealth: 0
    HealthRegen: 0
    AutoAttackDamage: 0
    AttackSpeed: 0
    Armor: 0
    Resistance: 0
    CooldownReduction: 0
    BonusCriticalDamage: 0
    MovementSpeed: 0
    HephisaltBounty: 0
    ExperienceBounty: 0
  totalStats:
    Power: 0
    Haste: 0
    Mastery: 0
    Penetration: 0
    Lifedrain: 0
    Tenacity: 0
    BaseAttackTime: 0
    AttackRange: 0
    MaxHealth: 0
    HealthRegen: 0
    AutoAttackDamage: 0
    AttackSpeed: 0
    Armor: 0
    Resistance: 0
    CooldownReduction: 0
    BonusCriticalDamage: 0
    MovementSpeed: 0
    HephisaltBounty: 0
    ExperienceBounty: 0
  bravoSum: 0
  alphaSum: 0
  charlieSum: 0
  CurrentSlowAmount: 0
  InForcedAbilityAnim: 0
  InAbilityAnim: 0
  plumbobRoot: {fileID: 0}
  attachPoint: {fileID: 0}
  Spec: 0
  dyingOrDead: 0
  animationController: {fileID: 0}
  knockbackController: {fileID: 0}
  attackIndicator: {fileID: 0}
--- !u!135 &135341561780487100
SphereCollider:
  m_ObjectHideFlags: 1
  m_PrefabParentObject: {fileID: 0}
  m_PrefabInternal: {fileID: 100100000}
  m_GameObject: {fileID: 1090978242128062}
  m_Material: {fileID: 0}
  m_IsTrigger: 1
  m_Enabled: 1
  serializedVersion: 2
  m_Radius: 7.5
  m_Center: {x: 0, y: 0, z: 0}
--- !u!136 &136649169402560058
CapsuleCollider:
  m_ObjectHideFlags: 1
  m_PrefabParentObject: {fileID: 0}
  m_PrefabInternal: {fileID: 100100000}
  m_GameObject: {fileID: 1877951907085332}
  m_Material: {fileID: 0}
  m_IsTrigger: 0
  m_Enabled: 1
  m_Radius: 0.5
  m_Height: 2
  m_Direction: 1
  m_Center: {x: 0, y: 1, z: 0}
--- !u!137 &137289099089121340
SkinnedMeshRenderer:
  m_ObjectHideFlags: 1
  m_PrefabParentObject: {fileID: 0}
  m_PrefabInternal: {fileID: 100100000}
  m_GameObject: {fileID: 1794519437294856}
  m_Enabled: 1
  m_CastShadows: 1
  m_ReceiveShadows: 1
  m_DynamicOccludee: 1
  m_MotionVectors: 1
  m_LightProbeUsage: 1
  m_ReflectionProbeUsage: 1
  m_Materials:
  - {fileID: 2100000, guid: ed5104226c92c2c4e923df9dfe48f6ae, type: 2}
  m_StaticBatchInfo:
    firstSubMesh: 0
    subMeshCount: 0
  m_StaticBatchRoot: {fileID: 0}
  m_ProbeAnchor: {fileID: 0}
  m_LightProbeVolumeOverride: {fileID: 0}
  m_ScaleInLightmap: 1
  m_PreserveUVs: 0
  m_IgnoreNormalsForChartDetection: 0
  m_ImportantGI: 0
  m_StitchLightmapSeams: 0
  m_SelectedEditorRenderState: 3
  m_MinimumChartSize: 4
  m_AutoUVMaxDistance: 0.5
  m_AutoUVMaxAngle: 89
  m_LightmapParameters: {fileID: 0}
  m_SortingLayerID: 0
  m_SortingLayer: 0
  m_SortingOrder: 0
  serializedVersion: 2
  m_Quality: 0
  m_UpdateWhenOffscreen: 0
  m_SkinnedMotionVectors: 1
  m_Mesh: {fileID: 4300000, guid: 2aa2d31055197fc4b98860efe93f92a6, type: 3}
  m_Bones:
  - {fileID: 4463006610147686}
  - {fileID: 4900895818714922}
  - {fileID: 4364349931539710}
  - {fileID: 4267914504867036}
  m_BlendShapeWeights: []
  m_RootBone: {fileID: 4463006610147686}
  m_AABB:
    m_Center: {x: 0, y: 0.020630177, z: 0.0000000013969839}
    m_Extent: {x: 0.015521741, y: 0.020537186, z: 0.004999998}
  m_DirtyAABB: 0
--- !u!208 &208582121955180460
NavMeshObstacle:
  m_ObjectHideFlags: 1
  m_PrefabParentObject: {fileID: 0}
  m_PrefabInternal: {fileID: 100100000}
  m_GameObject: {fileID: 1877951907085332}
  m_Enabled: 1
  serializedVersion: 3
  m_Shape: 1
  m_Extents: {x: 0.4, y: 0.4, z: 0.4}
  m_MoveThreshold: 0.1
  m_Carve: 0
  m_CarveOnlyStationary: 1
  m_Center: {x: 0, y: 0, z: 0}
  m_TimeToStationary: 0.5
