%YAML 1.1
%TAG !u! tag:unity3d.com,2011:
--- !u!29 &1
OcclusionCullingSettings:
  m_ObjectHideFlags: 0
  serializedVersion: 2
  m_OcclusionBakeSettings:
    smallestOccluder: 5
    smallestHole: 0.25
    backfaceThreshold: 100
  m_SceneGUID: 00000000000000000000000000000000
  m_OcclusionCullingData: {fileID: 0}
--- !u!104 &2
RenderSettings:
  m_ObjectHideFlags: 0
  serializedVersion: 9
  m_Fog: 0
  m_FogColor: {r: 0.5, g: 0.5, b: 0.5, a: 1}
  m_FogMode: 3
  m_FogDensity: 0.01
  m_LinearFogStart: 0
  m_LinearFogEnd: 300
  m_AmbientSkyColor: {r: 0.212, g: 0.227, b: 0.259, a: 1}
  m_AmbientEquatorColor: {r: 0.114, g: 0.125, b: 0.133, a: 1}
  m_AmbientGroundColor: {r: 0.047, g: 0.043, b: 0.035, a: 1}
  m_AmbientIntensity: 1
  m_AmbientMode: 0
  m_SubtractiveShadowColor: {r: 0.42, g: 0.478, b: 0.627, a: 1}
  m_SkyboxMaterial: {fileID: 10304, guid: 0000000000000000f000000000000000, type: 0}
  m_HaloStrength: 0.5
  m_FlareStrength: 1
  m_FlareFadeSpeed: 3
  m_HaloTexture: {fileID: 0}
  m_SpotCookie: {fileID: 10001, guid: 0000000000000000e000000000000000, type: 0}
  m_DefaultReflectionMode: 0
  m_DefaultReflectionResolution: 128
  m_ReflectionBounces: 1
  m_ReflectionIntensity: 1
  m_CustomReflection: {fileID: 0}
  m_Sun: {fileID: 0}
  m_IndirectSpecularColor: {r: 0.44726324, g: 0.49718916, b: 0.5751969, a: 1}
  m_UseRadianceAmbientProbe: 0
--- !u!157 &3
LightmapSettings:
  m_ObjectHideFlags: 0
  serializedVersion: 11
  m_GIWorkflowMode: 1
  m_GISettings:
    serializedVersion: 2
    m_BounceScale: 1
    m_IndirectOutputScale: 1
    m_AlbedoBoost: 1
    m_TemporalCoherenceThreshold: 1
    m_EnvironmentLightingMode: 0
    m_EnableBakedLightmaps: 1
    m_EnableRealtimeLightmaps: 1
  m_LightmapEditorSettings:
    serializedVersion: 10
    m_Resolution: 2
    m_BakeResolution: 40
    m_AtlasSize: 1024
    m_AO: 0
    m_AOMaxDistance: 1
    m_CompAOExponent: 1
    m_CompAOExponentDirect: 0
    m_Padding: 2
    m_LightmapParameters: {fileID: 0}
    m_LightmapsBakeMode: 1
    m_TextureCompression: 1
    m_FinalGather: 0
    m_FinalGatherFiltering: 1
    m_FinalGatherRayCount: 256
    m_ReflectionCompression: 2
    m_MixedBakeMode: 1
    m_BakeBackend: 0
    m_PVRSampling: 1
    m_PVRDirectSampleCount: 32
    m_PVRSampleCount: 500
    m_PVRBounces: 2
    m_PVRFilterTypeDirect: 0
    m_PVRFilterTypeIndirect: 0
    m_PVRFilterTypeAO: 0
    m_PVRFilteringMode: 1
    m_PVRCulling: 1
    m_PVRFilteringGaussRadiusDirect: 1
    m_PVRFilteringGaussRadiusIndirect: 5
    m_PVRFilteringGaussRadiusAO: 2
    m_PVRFilteringAtrousPositionSigmaDirect: 0.5
    m_PVRFilteringAtrousPositionSigmaIndirect: 2
    m_PVRFilteringAtrousPositionSigmaAO: 1
    m_ShowResolutionOverlay: 1
  m_LightingDataAsset: {fileID: 112000004, guid: 95db05c215ffe9540a5f84f67b590937,
    type: 2}
  m_UseShadowmask: 0
--- !u!196 &4
NavMeshSettings:
  serializedVersion: 2
  m_ObjectHideFlags: 0
  m_BuildSettings:
    serializedVersion: 2
    agentTypeID: 0
    agentRadius: 0.5
    agentHeight: 2
    agentSlope: 45
    agentClimb: 0.4
    ledgeDropHeight: 0
    maxJumpAcrossDistance: 0
    minRegionArea: 2
    manualCellSize: 0
    cellSize: 0.16666667
    manualTileSize: 0
    tileSize: 256
    accuratePlacement: 0
    debug:
      m_Flags: 0
  m_NavMeshData: {fileID: 0}
--- !u!1 &128134114 stripped
GameObject:
  m_PrefabParentObject: {fileID: 1917234375530352, guid: 5b99743077e8648bcbcbca96eb979eed,
    type: 2}
  m_PrefabInternal: {fileID: 723753727}
--- !u!224 &128134118 stripped
RectTransform:
  m_PrefabParentObject: {fileID: 224706807949247176, guid: 5b99743077e8648bcbcbca96eb979eed,
    type: 2}
  m_PrefabInternal: {fileID: 723753727}
--- !u!224 &137469774 stripped
RectTransform:
  m_PrefabParentObject: {fileID: 224527976964735430, guid: 9a647524bbc034e27801a16f2cf651eb,
    type: 2}
  m_PrefabInternal: {fileID: 683660247}
--- !u!1001 &240774323
Prefab:
  m_ObjectHideFlags: 0
  serializedVersion: 2
  m_Modification:
    m_TransformParent: {fileID: 0}
    m_Modifications:
    - target: {fileID: 4757193369459486, guid: 047770439ea394bd8bb686d12a3eadc4, type: 2}
      propertyPath: m_LocalPosition.x
      value: 0
      objectReference: {fileID: 0}
    - target: {fileID: 4757193369459486, guid: 047770439ea394bd8bb686d12a3eadc4, type: 2}
      propertyPath: m_LocalPosition.y
      value: -100
      objectReference: {fileID: 0}
    - target: {fileID: 4757193369459486, guid: 047770439ea394bd8bb686d12a3eadc4, type: 2}
      propertyPath: m_LocalPosition.z
      value: 0
      objectReference: {fileID: 0}
    - target: {fileID: 4757193369459486, guid: 047770439ea394bd8bb686d12a3eadc4, type: 2}
      propertyPath: m_LocalRotation.x
      value: 0
      objectReference: {fileID: 0}
    - target: {fileID: 4757193369459486, guid: 047770439ea394bd8bb686d12a3eadc4, type: 2}
      propertyPath: m_LocalRotation.y
      value: 0
      objectReference: {fileID: 0}
    - target: {fileID: 4757193369459486, guid: 047770439ea394bd8bb686d12a3eadc4, type: 2}
      propertyPath: m_LocalRotation.z
      value: 0
      objectReference: {fileID: 0}
    - target: {fileID: 4757193369459486, guid: 047770439ea394bd8bb686d12a3eadc4, type: 2}
      propertyPath: m_LocalRotation.w
      value: 1
      objectReference: {fileID: 0}
    - target: {fileID: 4757193369459486, guid: 047770439ea394bd8bb686d12a3eadc4, type: 2}
      propertyPath: m_RootOrder
      value: 1
      objectReference: {fileID: 0}
    - target: {fileID: 114999751148941566, guid: 047770439ea394bd8bb686d12a3eadc4,
        type: 2}
      propertyPath: OptionsMenuPanel
      value: 
      objectReference: {fileID: 128134114}
    - target: {fileID: 114999751148941566, guid: 047770439ea394bd8bb686d12a3eadc4,
        type: 2}
      propertyPath: ShopMenuPanel
      value: 
      objectReference: {fileID: 316853152}
    m_RemovedComponents: []
  m_ParentPrefab: {fileID: 100100000, guid: 047770439ea394bd8bb686d12a3eadc4, type: 2}
  m_IsPrefabParent: 0
--- !u!1001 &268683831
Prefab:
  m_ObjectHideFlags: 0
  serializedVersion: 2
  m_Modification:
    m_TransformParent: {fileID: 917308591}
    m_Modifications:
    - target: {fileID: 224240061589400214, guid: 0bdfdb17e031f4475bf343d519c26d22,
        type: 2}
      propertyPath: m_LocalPosition.x
      value: 0
      objectReference: {fileID: 0}
    - target: {fileID: 224240061589400214, guid: 0bdfdb17e031f4475bf343d519c26d22,
        type: 2}
      propertyPath: m_LocalPosition.y
      value: 0
      objectReference: {fileID: 0}
    - target: {fileID: 224240061589400214, guid: 0bdfdb17e031f4475bf343d519c26d22,
        type: 2}
      propertyPath: m_LocalPosition.z
      value: 0
      objectReference: {fileID: 0}
    - target: {fileID: 224240061589400214, guid: 0bdfdb17e031f4475bf343d519c26d22,
        type: 2}
      propertyPath: m_LocalRotation.x
      value: -0
      objectReference: {fileID: 0}
    - target: {fileID: 224240061589400214, guid: 0bdfdb17e031f4475bf343d519c26d22,
        type: 2}
      propertyPath: m_LocalRotation.y
      value: -0
      objectReference: {fileID: 0}
    - target: {fileID: 224240061589400214, guid: 0bdfdb17e031f4475bf343d519c26d22,
        type: 2}
      propertyPath: m_LocalRotation.z
      value: -0
      objectReference: {fileID: 0}
    - target: {fileID: 224240061589400214, guid: 0bdfdb17e031f4475bf343d519c26d22,
        type: 2}
      propertyPath: m_LocalRotation.w
      value: 1
      objectReference: {fileID: 0}
    - target: {fileID: 224240061589400214, guid: 0bdfdb17e031f4475bf343d519c26d22,
        type: 2}
      propertyPath: m_RootOrder
      value: 3
      objectReference: {fileID: 0}
    - target: {fileID: 224240061589400214, guid: 0bdfdb17e031f4475bf343d519c26d22,
        type: 2}
      propertyPath: m_AnchoredPosition.x
      value: 0
      objectReference: {fileID: 0}
    - target: {fileID: 224240061589400214, guid: 0bdfdb17e031f4475bf343d519c26d22,
        type: 2}
      propertyPath: m_AnchoredPosition.y
      value: 0
      objectReference: {fileID: 0}
    - target: {fileID: 224240061589400214, guid: 0bdfdb17e031f4475bf343d519c26d22,
        type: 2}
      propertyPath: m_SizeDelta.x
      value: 597
      objectReference: {fileID: 0}
    - target: {fileID: 224240061589400214, guid: 0bdfdb17e031f4475bf343d519c26d22,
        type: 2}
      propertyPath: m_SizeDelta.y
      value: 107
      objectReference: {fileID: 0}
    - target: {fileID: 224240061589400214, guid: 0bdfdb17e031f4475bf343d519c26d22,
        type: 2}
      propertyPath: m_AnchorMin.x
      value: 0.5
      objectReference: {fileID: 0}
    - target: {fileID: 224240061589400214, guid: 0bdfdb17e031f4475bf343d519c26d22,
        type: 2}
      propertyPath: m_AnchorMin.y
      value: 0
      objectReference: {fileID: 0}
    - target: {fileID: 224240061589400214, guid: 0bdfdb17e031f4475bf343d519c26d22,
        type: 2}
      propertyPath: m_AnchorMax.x
      value: 0.5
      objectReference: {fileID: 0}
    - target: {fileID: 224240061589400214, guid: 0bdfdb17e031f4475bf343d519c26d22,
        type: 2}
      propertyPath: m_AnchorMax.y
      value: 0
      objectReference: {fileID: 0}
    - target: {fileID: 224240061589400214, guid: 0bdfdb17e031f4475bf343d519c26d22,
        type: 2}
      propertyPath: m_Pivot.x
      value: 0.5
      objectReference: {fileID: 0}
    - target: {fileID: 224240061589400214, guid: 0bdfdb17e031f4475bf343d519c26d22,
        type: 2}
      propertyPath: m_Pivot.y
      value: 0
      objectReference: {fileID: 0}
    - target: {fileID: 224817028752374506, guid: 0bdfdb17e031f4475bf343d519c26d22,
        type: 2}
      propertyPath: m_LocalPosition.x
      value: 0
      objectReference: {fileID: 0}
    - target: {fileID: 224817028752374506, guid: 0bdfdb17e031f4475bf343d519c26d22,
        type: 2}
      propertyPath: m_LocalPosition.y
      value: 0
      objectReference: {fileID: 0}
    - target: {fileID: 224760131149395226, guid: 0bdfdb17e031f4475bf343d519c26d22,
        type: 2}
      propertyPath: m_LocalPosition.x
      value: 0
      objectReference: {fileID: 0}
    - target: {fileID: 224760131149395226, guid: 0bdfdb17e031f4475bf343d519c26d22,
        type: 2}
      propertyPath: m_LocalPosition.y
      value: 0
      objectReference: {fileID: 0}
    - target: {fileID: 224498203039642174, guid: 0bdfdb17e031f4475bf343d519c26d22,
        type: 2}
      propertyPath: m_LocalPosition.x
      value: 0
      objectReference: {fileID: 0}
    - target: {fileID: 224498203039642174, guid: 0bdfdb17e031f4475bf343d519c26d22,
        type: 2}
      propertyPath: m_LocalPosition.y
      value: 0
      objectReference: {fileID: 0}
    - target: {fileID: 224414923423191952, guid: 0bdfdb17e031f4475bf343d519c26d22,
        type: 2}
      propertyPath: m_LocalPosition.x
      value: 0
      objectReference: {fileID: 0}
    - target: {fileID: 224414923423191952, guid: 0bdfdb17e031f4475bf343d519c26d22,
        type: 2}
      propertyPath: m_LocalPosition.y
      value: 0
      objectReference: {fileID: 0}
    - target: {fileID: 224413410235196098, guid: 0bdfdb17e031f4475bf343d519c26d22,
        type: 2}
      propertyPath: m_LocalPosition.x
      value: 0
      objectReference: {fileID: 0}
    - target: {fileID: 224413410235196098, guid: 0bdfdb17e031f4475bf343d519c26d22,
        type: 2}
      propertyPath: m_LocalPosition.y
      value: 0
      objectReference: {fileID: 0}
    - target: {fileID: 224391676370644142, guid: 0bdfdb17e031f4475bf343d519c26d22,
        type: 2}
      propertyPath: m_LocalPosition.x
      value: 0
      objectReference: {fileID: 0}
    - target: {fileID: 224391676370644142, guid: 0bdfdb17e031f4475bf343d519c26d22,
        type: 2}
      propertyPath: m_LocalPosition.y
      value: 0
      objectReference: {fileID: 0}
    - target: {fileID: 224312027557460094, guid: 0bdfdb17e031f4475bf343d519c26d22,
        type: 2}
      propertyPath: m_LocalPosition.x
      value: 0
      objectReference: {fileID: 0}
    - target: {fileID: 224312027557460094, guid: 0bdfdb17e031f4475bf343d519c26d22,
        type: 2}
      propertyPath: m_LocalPosition.y
      value: 0
      objectReference: {fileID: 0}
    - target: {fileID: 224277798160153086, guid: 0bdfdb17e031f4475bf343d519c26d22,
        type: 2}
      propertyPath: m_LocalPosition.x
      value: 0
      objectReference: {fileID: 0}
    - target: {fileID: 224277798160153086, guid: 0bdfdb17e031f4475bf343d519c26d22,
        type: 2}
      propertyPath: m_LocalPosition.y
      value: 0
      objectReference: {fileID: 0}
    - target: {fileID: 224272378146235946, guid: 0bdfdb17e031f4475bf343d519c26d22,
        type: 2}
      propertyPath: m_LocalPosition.x
      value: 0
      objectReference: {fileID: 0}
    - target: {fileID: 224272378146235946, guid: 0bdfdb17e031f4475bf343d519c26d22,
        type: 2}
      propertyPath: m_LocalPosition.y
      value: 0
      objectReference: {fileID: 0}
    - target: {fileID: 224050610530491988, guid: 0bdfdb17e031f4475bf343d519c26d22,
        type: 2}
      propertyPath: m_LocalPosition.x
      value: 0
      objectReference: {fileID: 0}
    - target: {fileID: 224050610530491988, guid: 0bdfdb17e031f4475bf343d519c26d22,
        type: 2}
      propertyPath: m_LocalPosition.y
      value: 0
      objectReference: {fileID: 0}
    - target: {fileID: 224016574253815602, guid: 0bdfdb17e031f4475bf343d519c26d22,
        type: 2}
      propertyPath: m_LocalPosition.x
      value: 0
      objectReference: {fileID: 0}
    - target: {fileID: 224016574253815602, guid: 0bdfdb17e031f4475bf343d519c26d22,
        type: 2}
      propertyPath: m_LocalPosition.y
      value: 0
      objectReference: {fileID: 0}
    - target: {fileID: 224003978738165778, guid: 0bdfdb17e031f4475bf343d519c26d22,
        type: 2}
      propertyPath: m_LocalPosition.x
      value: 0
      objectReference: {fileID: 0}
    - target: {fileID: 224003978738165778, guid: 0bdfdb17e031f4475bf343d519c26d22,
        type: 2}
      propertyPath: m_LocalPosition.y
      value: 0
      objectReference: {fileID: 0}
    - target: {fileID: 114072716965748286, guid: 0bdfdb17e031f4475bf343d519c26d22,
        type: 2}
      propertyPath: m_OnClick.m_PersistentCalls.m_Calls.Array.data[0].m_Target
      value: 
      objectReference: {fileID: 1315717956}
    - target: {fileID: 1080328946930858, guid: 0bdfdb17e031f4475bf343d519c26d22, type: 2}
      propertyPath: m_IsActive
      value: 1
      objectReference: {fileID: 0}
    - target: {fileID: 114072716965748286, guid: 0bdfdb17e031f4475bf343d519c26d22,
        type: 2}
      propertyPath: m_OnClick.m_PersistentCalls.m_Calls.Array.data[0].m_MethodName
      value: ToggleShopMenu
      objectReference: {fileID: 0}
    - target: {fileID: 224817028752374506, guid: 0bdfdb17e031f4475bf343d519c26d22,
        type: 2}
      propertyPath: m_AnchorMin.x
      value: 0
      objectReference: {fileID: 0}
    - target: {fileID: 224817028752374506, guid: 0bdfdb17e031f4475bf343d519c26d22,
        type: 2}
      propertyPath: m_AnchorMin.y
      value: 0
      objectReference: {fileID: 0}
    - target: {fileID: 224817028752374506, guid: 0bdfdb17e031f4475bf343d519c26d22,
        type: 2}
      propertyPath: m_AnchorMax.x
      value: 0
      objectReference: {fileID: 0}
    - target: {fileID: 224817028752374506, guid: 0bdfdb17e031f4475bf343d519c26d22,
        type: 2}
      propertyPath: m_AnchorMax.y
      value: 0
      objectReference: {fileID: 0}
    - target: {fileID: 224817028752374506, guid: 0bdfdb17e031f4475bf343d519c26d22,
        type: 2}
      propertyPath: m_AnchoredPosition.x
      value: 0
      objectReference: {fileID: 0}
    - target: {fileID: 224817028752374506, guid: 0bdfdb17e031f4475bf343d519c26d22,
        type: 2}
      propertyPath: m_AnchoredPosition.y
      value: 0
      objectReference: {fileID: 0}
    - target: {fileID: 224817028752374506, guid: 0bdfdb17e031f4475bf343d519c26d22,
        type: 2}
      propertyPath: m_SizeDelta.x
      value: 0
      objectReference: {fileID: 0}
    - target: {fileID: 224817028752374506, guid: 0bdfdb17e031f4475bf343d519c26d22,
        type: 2}
      propertyPath: m_SizeDelta.y
      value: 0
      objectReference: {fileID: 0}
    - target: {fileID: 224277798160153086, guid: 0bdfdb17e031f4475bf343d519c26d22,
        type: 2}
      propertyPath: m_AnchorMin.x
      value: 0
      objectReference: {fileID: 0}
    - target: {fileID: 224277798160153086, guid: 0bdfdb17e031f4475bf343d519c26d22,
        type: 2}
      propertyPath: m_AnchorMin.y
      value: 0
      objectReference: {fileID: 0}
    - target: {fileID: 224277798160153086, guid: 0bdfdb17e031f4475bf343d519c26d22,
        type: 2}
      propertyPath: m_AnchorMax.x
      value: 0
      objectReference: {fileID: 0}
    - target: {fileID: 224277798160153086, guid: 0bdfdb17e031f4475bf343d519c26d22,
        type: 2}
      propertyPath: m_AnchorMax.y
      value: 0
      objectReference: {fileID: 0}
    - target: {fileID: 224277798160153086, guid: 0bdfdb17e031f4475bf343d519c26d22,
        type: 2}
      propertyPath: m_AnchoredPosition.x
      value: 0
      objectReference: {fileID: 0}
    - target: {fileID: 224277798160153086, guid: 0bdfdb17e031f4475bf343d519c26d22,
        type: 2}
      propertyPath: m_AnchoredPosition.y
      value: 0
      objectReference: {fileID: 0}
    - target: {fileID: 224277798160153086, guid: 0bdfdb17e031f4475bf343d519c26d22,
        type: 2}
      propertyPath: m_SizeDelta.x
      value: 0
      objectReference: {fileID: 0}
    - target: {fileID: 224277798160153086, guid: 0bdfdb17e031f4475bf343d519c26d22,
        type: 2}
      propertyPath: m_SizeDelta.y
      value: 0
      objectReference: {fileID: 0}
    - target: {fileID: 224312027557460094, guid: 0bdfdb17e031f4475bf343d519c26d22,
        type: 2}
      propertyPath: m_AnchorMin.x
      value: 0
      objectReference: {fileID: 0}
    - target: {fileID: 224312027557460094, guid: 0bdfdb17e031f4475bf343d519c26d22,
        type: 2}
      propertyPath: m_AnchorMin.y
      value: 0
      objectReference: {fileID: 0}
    - target: {fileID: 224312027557460094, guid: 0bdfdb17e031f4475bf343d519c26d22,
        type: 2}
      propertyPath: m_AnchorMax.x
      value: 0
      objectReference: {fileID: 0}
    - target: {fileID: 224312027557460094, guid: 0bdfdb17e031f4475bf343d519c26d22,
        type: 2}
      propertyPath: m_AnchorMax.y
      value: 0
      objectReference: {fileID: 0}
    - target: {fileID: 224312027557460094, guid: 0bdfdb17e031f4475bf343d519c26d22,
        type: 2}
      propertyPath: m_AnchoredPosition.x
      value: 0
      objectReference: {fileID: 0}
    - target: {fileID: 224312027557460094, guid: 0bdfdb17e031f4475bf343d519c26d22,
        type: 2}
      propertyPath: m_AnchoredPosition.y
      value: 0
      objectReference: {fileID: 0}
    - target: {fileID: 224312027557460094, guid: 0bdfdb17e031f4475bf343d519c26d22,
        type: 2}
      propertyPath: m_SizeDelta.x
      value: 0
      objectReference: {fileID: 0}
    - target: {fileID: 224312027557460094, guid: 0bdfdb17e031f4475bf343d519c26d22,
        type: 2}
      propertyPath: m_SizeDelta.y
      value: 0
      objectReference: {fileID: 0}
    - target: {fileID: 224050610530491988, guid: 0bdfdb17e031f4475bf343d519c26d22,
        type: 2}
      propertyPath: m_AnchorMin.x
      value: 0
      objectReference: {fileID: 0}
    - target: {fileID: 224050610530491988, guid: 0bdfdb17e031f4475bf343d519c26d22,
        type: 2}
      propertyPath: m_AnchorMin.y
      value: 0
      objectReference: {fileID: 0}
    - target: {fileID: 224050610530491988, guid: 0bdfdb17e031f4475bf343d519c26d22,
        type: 2}
      propertyPath: m_AnchorMax.x
      value: 0
      objectReference: {fileID: 0}
    - target: {fileID: 224050610530491988, guid: 0bdfdb17e031f4475bf343d519c26d22,
        type: 2}
      propertyPath: m_AnchorMax.y
      value: 0
      objectReference: {fileID: 0}
    - target: {fileID: 224050610530491988, guid: 0bdfdb17e031f4475bf343d519c26d22,
        type: 2}
      propertyPath: m_AnchoredPosition.x
      value: 0
      objectReference: {fileID: 0}
    - target: {fileID: 224050610530491988, guid: 0bdfdb17e031f4475bf343d519c26d22,
        type: 2}
      propertyPath: m_AnchoredPosition.y
      value: 0
      objectReference: {fileID: 0}
    - target: {fileID: 224050610530491988, guid: 0bdfdb17e031f4475bf343d519c26d22,
        type: 2}
      propertyPath: m_SizeDelta.x
      value: 0
      objectReference: {fileID: 0}
    - target: {fileID: 224050610530491988, guid: 0bdfdb17e031f4475bf343d519c26d22,
        type: 2}
      propertyPath: m_SizeDelta.y
      value: 0
      objectReference: {fileID: 0}
    - target: {fileID: 224414923423191952, guid: 0bdfdb17e031f4475bf343d519c26d22,
        type: 2}
      propertyPath: m_AnchorMin.x
      value: 0
      objectReference: {fileID: 0}
    - target: {fileID: 224414923423191952, guid: 0bdfdb17e031f4475bf343d519c26d22,
        type: 2}
      propertyPath: m_AnchorMin.y
      value: 0
      objectReference: {fileID: 0}
    - target: {fileID: 224414923423191952, guid: 0bdfdb17e031f4475bf343d519c26d22,
        type: 2}
      propertyPath: m_AnchorMax.x
      value: 0
      objectReference: {fileID: 0}
    - target: {fileID: 224414923423191952, guid: 0bdfdb17e031f4475bf343d519c26d22,
        type: 2}
      propertyPath: m_AnchorMax.y
      value: 0
      objectReference: {fileID: 0}
    - target: {fileID: 224414923423191952, guid: 0bdfdb17e031f4475bf343d519c26d22,
        type: 2}
      propertyPath: m_AnchoredPosition.x
      value: 0
      objectReference: {fileID: 0}
    - target: {fileID: 224414923423191952, guid: 0bdfdb17e031f4475bf343d519c26d22,
        type: 2}
      propertyPath: m_AnchoredPosition.y
      value: 0
      objectReference: {fileID: 0}
    - target: {fileID: 224414923423191952, guid: 0bdfdb17e031f4475bf343d519c26d22,
        type: 2}
      propertyPath: m_SizeDelta.x
      value: 0
      objectReference: {fileID: 0}
    - target: {fileID: 224414923423191952, guid: 0bdfdb17e031f4475bf343d519c26d22,
        type: 2}
      propertyPath: m_SizeDelta.y
      value: 0
      objectReference: {fileID: 0}
    - target: {fileID: 224272378146235946, guid: 0bdfdb17e031f4475bf343d519c26d22,
        type: 2}
      propertyPath: m_AnchorMin.x
      value: 0
      objectReference: {fileID: 0}
    - target: {fileID: 224272378146235946, guid: 0bdfdb17e031f4475bf343d519c26d22,
        type: 2}
      propertyPath: m_AnchorMin.y
      value: 0
      objectReference: {fileID: 0}
    - target: {fileID: 224272378146235946, guid: 0bdfdb17e031f4475bf343d519c26d22,
        type: 2}
      propertyPath: m_AnchorMax.x
      value: 0
      objectReference: {fileID: 0}
    - target: {fileID: 224272378146235946, guid: 0bdfdb17e031f4475bf343d519c26d22,
        type: 2}
      propertyPath: m_AnchorMax.y
      value: 0
      objectReference: {fileID: 0}
    - target: {fileID: 224272378146235946, guid: 0bdfdb17e031f4475bf343d519c26d22,
        type: 2}
      propertyPath: m_AnchoredPosition.x
      value: 0
      objectReference: {fileID: 0}
    - target: {fileID: 224272378146235946, guid: 0bdfdb17e031f4475bf343d519c26d22,
        type: 2}
      propertyPath: m_AnchoredPosition.y
      value: 0
      objectReference: {fileID: 0}
    - target: {fileID: 224272378146235946, guid: 0bdfdb17e031f4475bf343d519c26d22,
        type: 2}
      propertyPath: m_SizeDelta.x
      value: 0
      objectReference: {fileID: 0}
    - target: {fileID: 224272378146235946, guid: 0bdfdb17e031f4475bf343d519c26d22,
        type: 2}
      propertyPath: m_SizeDelta.y
      value: 0
      objectReference: {fileID: 0}
    - target: {fileID: 224016574253815602, guid: 0bdfdb17e031f4475bf343d519c26d22,
        type: 2}
      propertyPath: m_AnchorMin.x
      value: 0
      objectReference: {fileID: 0}
    - target: {fileID: 224016574253815602, guid: 0bdfdb17e031f4475bf343d519c26d22,
        type: 2}
      propertyPath: m_AnchorMin.y
      value: 0
      objectReference: {fileID: 0}
    - target: {fileID: 224016574253815602, guid: 0bdfdb17e031f4475bf343d519c26d22,
        type: 2}
      propertyPath: m_AnchorMax.x
      value: 0
      objectReference: {fileID: 0}
    - target: {fileID: 224016574253815602, guid: 0bdfdb17e031f4475bf343d519c26d22,
        type: 2}
      propertyPath: m_AnchorMax.y
      value: 0
      objectReference: {fileID: 0}
    - target: {fileID: 224016574253815602, guid: 0bdfdb17e031f4475bf343d519c26d22,
        type: 2}
      propertyPath: m_AnchoredPosition.x
      value: 0
      objectReference: {fileID: 0}
    - target: {fileID: 224016574253815602, guid: 0bdfdb17e031f4475bf343d519c26d22,
        type: 2}
      propertyPath: m_AnchoredPosition.y
      value: 0
      objectReference: {fileID: 0}
    - target: {fileID: 224016574253815602, guid: 0bdfdb17e031f4475bf343d519c26d22,
        type: 2}
      propertyPath: m_SizeDelta.x
      value: 0
      objectReference: {fileID: 0}
    - target: {fileID: 224016574253815602, guid: 0bdfdb17e031f4475bf343d519c26d22,
        type: 2}
      propertyPath: m_SizeDelta.y
      value: 0
      objectReference: {fileID: 0}
    - target: {fileID: 224391676370644142, guid: 0bdfdb17e031f4475bf343d519c26d22,
        type: 2}
      propertyPath: m_AnchorMin.x
      value: 0
      objectReference: {fileID: 0}
    - target: {fileID: 224391676370644142, guid: 0bdfdb17e031f4475bf343d519c26d22,
        type: 2}
      propertyPath: m_AnchorMin.y
      value: 0
      objectReference: {fileID: 0}
    - target: {fileID: 224391676370644142, guid: 0bdfdb17e031f4475bf343d519c26d22,
        type: 2}
      propertyPath: m_AnchorMax.x
      value: 0
      objectReference: {fileID: 0}
    - target: {fileID: 224391676370644142, guid: 0bdfdb17e031f4475bf343d519c26d22,
        type: 2}
      propertyPath: m_AnchorMax.y
      value: 0
      objectReference: {fileID: 0}
    - target: {fileID: 224391676370644142, guid: 0bdfdb17e031f4475bf343d519c26d22,
        type: 2}
      propertyPath: m_AnchoredPosition.x
      value: 0
      objectReference: {fileID: 0}
    - target: {fileID: 224391676370644142, guid: 0bdfdb17e031f4475bf343d519c26d22,
        type: 2}
      propertyPath: m_AnchoredPosition.y
      value: 0
      objectReference: {fileID: 0}
    - target: {fileID: 224391676370644142, guid: 0bdfdb17e031f4475bf343d519c26d22,
        type: 2}
      propertyPath: m_SizeDelta.x
      value: 0
      objectReference: {fileID: 0}
    - target: {fileID: 224391676370644142, guid: 0bdfdb17e031f4475bf343d519c26d22,
        type: 2}
      propertyPath: m_SizeDelta.y
      value: 0
      objectReference: {fileID: 0}
    - target: {fileID: 224003978738165778, guid: 0bdfdb17e031f4475bf343d519c26d22,
        type: 2}
      propertyPath: m_AnchorMin.x
      value: 0
      objectReference: {fileID: 0}
    - target: {fileID: 224003978738165778, guid: 0bdfdb17e031f4475bf343d519c26d22,
        type: 2}
      propertyPath: m_AnchorMin.y
      value: 0
      objectReference: {fileID: 0}
    - target: {fileID: 224003978738165778, guid: 0bdfdb17e031f4475bf343d519c26d22,
        type: 2}
      propertyPath: m_AnchorMax.x
      value: 0
      objectReference: {fileID: 0}
    - target: {fileID: 224003978738165778, guid: 0bdfdb17e031f4475bf343d519c26d22,
        type: 2}
      propertyPath: m_AnchorMax.y
      value: 0
      objectReference: {fileID: 0}
    - target: {fileID: 224003978738165778, guid: 0bdfdb17e031f4475bf343d519c26d22,
        type: 2}
      propertyPath: m_AnchoredPosition.x
      value: 0
      objectReference: {fileID: 0}
    - target: {fileID: 224003978738165778, guid: 0bdfdb17e031f4475bf343d519c26d22,
        type: 2}
      propertyPath: m_AnchoredPosition.y
      value: 0
      objectReference: {fileID: 0}
    - target: {fileID: 224003978738165778, guid: 0bdfdb17e031f4475bf343d519c26d22,
        type: 2}
      propertyPath: m_SizeDelta.x
      value: 0
      objectReference: {fileID: 0}
    - target: {fileID: 224003978738165778, guid: 0bdfdb17e031f4475bf343d519c26d22,
        type: 2}
      propertyPath: m_SizeDelta.y
      value: 0
      objectReference: {fileID: 0}
    - target: {fileID: 224760131149395226, guid: 0bdfdb17e031f4475bf343d519c26d22,
        type: 2}
      propertyPath: m_AnchorMin.x
      value: 0
      objectReference: {fileID: 0}
    - target: {fileID: 224760131149395226, guid: 0bdfdb17e031f4475bf343d519c26d22,
        type: 2}
      propertyPath: m_AnchorMin.y
      value: 0
      objectReference: {fileID: 0}
    - target: {fileID: 224760131149395226, guid: 0bdfdb17e031f4475bf343d519c26d22,
        type: 2}
      propertyPath: m_AnchorMax.x
      value: 0
      objectReference: {fileID: 0}
    - target: {fileID: 224760131149395226, guid: 0bdfdb17e031f4475bf343d519c26d22,
        type: 2}
      propertyPath: m_AnchorMax.y
      value: 0
      objectReference: {fileID: 0}
    - target: {fileID: 224760131149395226, guid: 0bdfdb17e031f4475bf343d519c26d22,
        type: 2}
      propertyPath: m_AnchoredPosition.x
      value: 0
      objectReference: {fileID: 0}
    - target: {fileID: 224760131149395226, guid: 0bdfdb17e031f4475bf343d519c26d22,
        type: 2}
      propertyPath: m_AnchoredPosition.y
      value: 0
      objectReference: {fileID: 0}
    - target: {fileID: 224760131149395226, guid: 0bdfdb17e031f4475bf343d519c26d22,
        type: 2}
      propertyPath: m_SizeDelta.x
      value: 0
      objectReference: {fileID: 0}
    - target: {fileID: 224760131149395226, guid: 0bdfdb17e031f4475bf343d519c26d22,
        type: 2}
      propertyPath: m_SizeDelta.y
      value: 0
      objectReference: {fileID: 0}
    - target: {fileID: 224498203039642174, guid: 0bdfdb17e031f4475bf343d519c26d22,
        type: 2}
      propertyPath: m_AnchorMin.x
      value: 0
      objectReference: {fileID: 0}
    - target: {fileID: 224498203039642174, guid: 0bdfdb17e031f4475bf343d519c26d22,
        type: 2}
      propertyPath: m_AnchorMin.y
      value: 0
      objectReference: {fileID: 0}
    - target: {fileID: 224498203039642174, guid: 0bdfdb17e031f4475bf343d519c26d22,
        type: 2}
      propertyPath: m_AnchorMax.x
      value: 0
      objectReference: {fileID: 0}
    - target: {fileID: 224498203039642174, guid: 0bdfdb17e031f4475bf343d519c26d22,
        type: 2}
      propertyPath: m_AnchorMax.y
      value: 0
      objectReference: {fileID: 0}
    - target: {fileID: 224498203039642174, guid: 0bdfdb17e031f4475bf343d519c26d22,
        type: 2}
      propertyPath: m_AnchoredPosition.x
      value: 0
      objectReference: {fileID: 0}
    - target: {fileID: 224498203039642174, guid: 0bdfdb17e031f4475bf343d519c26d22,
        type: 2}
      propertyPath: m_AnchoredPosition.y
      value: 0
      objectReference: {fileID: 0}
    - target: {fileID: 224498203039642174, guid: 0bdfdb17e031f4475bf343d519c26d22,
        type: 2}
      propertyPath: m_SizeDelta.x
      value: 0
      objectReference: {fileID: 0}
    - target: {fileID: 224498203039642174, guid: 0bdfdb17e031f4475bf343d519c26d22,
        type: 2}
      propertyPath: m_SizeDelta.y
      value: 0
      objectReference: {fileID: 0}
    - target: {fileID: 224413410235196098, guid: 0bdfdb17e031f4475bf343d519c26d22,
        type: 2}
      propertyPath: m_AnchorMin.x
      value: 0
      objectReference: {fileID: 0}
    - target: {fileID: 224413410235196098, guid: 0bdfdb17e031f4475bf343d519c26d22,
        type: 2}
      propertyPath: m_AnchorMin.y
      value: 0
      objectReference: {fileID: 0}
    - target: {fileID: 224413410235196098, guid: 0bdfdb17e031f4475bf343d519c26d22,
        type: 2}
      propertyPath: m_AnchorMax.x
      value: 0
      objectReference: {fileID: 0}
    - target: {fileID: 224413410235196098, guid: 0bdfdb17e031f4475bf343d519c26d22,
        type: 2}
      propertyPath: m_AnchorMax.y
      value: 0
      objectReference: {fileID: 0}
    - target: {fileID: 224413410235196098, guid: 0bdfdb17e031f4475bf343d519c26d22,
        type: 2}
      propertyPath: m_AnchoredPosition.x
      value: 0
      objectReference: {fileID: 0}
    - target: {fileID: 224413410235196098, guid: 0bdfdb17e031f4475bf343d519c26d22,
        type: 2}
      propertyPath: m_AnchoredPosition.y
      value: 0
      objectReference: {fileID: 0}
    - target: {fileID: 224413410235196098, guid: 0bdfdb17e031f4475bf343d519c26d22,
        type: 2}
      propertyPath: m_SizeDelta.x
      value: 0
      objectReference: {fileID: 0}
    - target: {fileID: 224413410235196098, guid: 0bdfdb17e031f4475bf343d519c26d22,
        type: 2}
      propertyPath: m_SizeDelta.y
      value: 0
      objectReference: {fileID: 0}
    m_RemovedComponents: []
  m_ParentPrefab: {fileID: 100100000, guid: 0bdfdb17e031f4475bf343d519c26d22, type: 2}
  m_IsPrefabParent: 0
--- !u!1 &316853152 stripped
GameObject:
  m_PrefabParentObject: {fileID: 1577849292208974, guid: 1b690a1d3e88bea458f2a6d7024d446d,
    type: 2}
  m_PrefabInternal: {fileID: 1795797333}
--- !u!1001 &431227996
Prefab:
  m_ObjectHideFlags: 0
  serializedVersion: 2
  m_Modification:
    m_TransformParent: {fileID: 917308591}
    m_Modifications:
    - target: {fileID: 224888889101710640, guid: 41513f1d59e10544b9df702e9f8623e8,
        type: 2}
      propertyPath: m_LocalPosition.x
      value: 0
      objectReference: {fileID: 0}
    - target: {fileID: 224888889101710640, guid: 41513f1d59e10544b9df702e9f8623e8,
        type: 2}
      propertyPath: m_LocalPosition.y
      value: 0
      objectReference: {fileID: 0}
    - target: {fileID: 224888889101710640, guid: 41513f1d59e10544b9df702e9f8623e8,
        type: 2}
      propertyPath: m_LocalPosition.z
      value: 0
      objectReference: {fileID: 0}
    - target: {fileID: 224888889101710640, guid: 41513f1d59e10544b9df702e9f8623e8,
        type: 2}
      propertyPath: m_LocalRotation.x
      value: 0
      objectReference: {fileID: 0}
    - target: {fileID: 224888889101710640, guid: 41513f1d59e10544b9df702e9f8623e8,
        type: 2}
      propertyPath: m_LocalRotation.y
      value: 0
      objectReference: {fileID: 0}
    - target: {fileID: 224888889101710640, guid: 41513f1d59e10544b9df702e9f8623e8,
        type: 2}
      propertyPath: m_LocalRotation.z
      value: 0
      objectReference: {fileID: 0}
    - target: {fileID: 224888889101710640, guid: 41513f1d59e10544b9df702e9f8623e8,
        type: 2}
      propertyPath: m_LocalRotation.w
      value: 1
      objectReference: {fileID: 0}
    - target: {fileID: 224888889101710640, guid: 41513f1d59e10544b9df702e9f8623e8,
        type: 2}
      propertyPath: m_RootOrder
      value: 9
      objectReference: {fileID: 0}
    - target: {fileID: 224888889101710640, guid: 41513f1d59e10544b9df702e9f8623e8,
        type: 2}
      propertyPath: m_AnchoredPosition.x
      value: 0.0000076293945
      objectReference: {fileID: 0}
    - target: {fileID: 224888889101710640, guid: 41513f1d59e10544b9df702e9f8623e8,
        type: 2}
      propertyPath: m_AnchoredPosition.y
      value: -0.000015258789
      objectReference: {fileID: 0}
    - target: {fileID: 224888889101710640, guid: 41513f1d59e10544b9df702e9f8623e8,
        type: 2}
      propertyPath: m_SizeDelta.x
      value: 100
      objectReference: {fileID: 0}
    - target: {fileID: 224888889101710640, guid: 41513f1d59e10544b9df702e9f8623e8,
        type: 2}
      propertyPath: m_SizeDelta.y
      value: 100
      objectReference: {fileID: 0}
    - target: {fileID: 224888889101710640, guid: 41513f1d59e10544b9df702e9f8623e8,
        type: 2}
      propertyPath: m_AnchorMin.x
      value: 0.5
      objectReference: {fileID: 0}
    - target: {fileID: 224888889101710640, guid: 41513f1d59e10544b9df702e9f8623e8,
        type: 2}
      propertyPath: m_AnchorMin.y
      value: 0.5
      objectReference: {fileID: 0}
    - target: {fileID: 224888889101710640, guid: 41513f1d59e10544b9df702e9f8623e8,
        type: 2}
      propertyPath: m_AnchorMax.x
      value: 0.5
      objectReference: {fileID: 0}
    - target: {fileID: 224888889101710640, guid: 41513f1d59e10544b9df702e9f8623e8,
        type: 2}
      propertyPath: m_AnchorMax.y
      value: 0.5
      objectReference: {fileID: 0}
    - target: {fileID: 224888889101710640, guid: 41513f1d59e10544b9df702e9f8623e8,
        type: 2}
      propertyPath: m_Pivot.x
      value: 0.5
      objectReference: {fileID: 0}
    - target: {fileID: 224888889101710640, guid: 41513f1d59e10544b9df702e9f8623e8,
        type: 2}
      propertyPath: m_Pivot.y
      value: 0.5
      objectReference: {fileID: 0}
    m_RemovedComponents: []
  m_ParentPrefab: {fileID: 100100000, guid: 41513f1d59e10544b9df702e9f8623e8, type: 2}
  m_IsPrefabParent: 0
--- !u!1001 &537934040
Prefab:
  m_ObjectHideFlags: 0
  serializedVersion: 2
  m_Modification:
    m_TransformParent: {fileID: 917308591}
    m_Modifications:
    - target: {fileID: 224097195149457474, guid: 06447f5588a26054bb0a97b96b2b2f19,
        type: 2}
      propertyPath: m_LocalPosition.x
      value: 0
      objectReference: {fileID: 0}
    - target: {fileID: 224097195149457474, guid: 06447f5588a26054bb0a97b96b2b2f19,
        type: 2}
      propertyPath: m_LocalPosition.y
      value: 0
      objectReference: {fileID: 0}
    - target: {fileID: 224097195149457474, guid: 06447f5588a26054bb0a97b96b2b2f19,
        type: 2}
      propertyPath: m_LocalPosition.z
      value: 0
      objectReference: {fileID: 0}
    - target: {fileID: 224097195149457474, guid: 06447f5588a26054bb0a97b96b2b2f19,
        type: 2}
      propertyPath: m_LocalRotation.x
      value: 0
      objectReference: {fileID: 0}
    - target: {fileID: 224097195149457474, guid: 06447f5588a26054bb0a97b96b2b2f19,
        type: 2}
      propertyPath: m_LocalRotation.y
      value: 0
      objectReference: {fileID: 0}
    - target: {fileID: 224097195149457474, guid: 06447f5588a26054bb0a97b96b2b2f19,
        type: 2}
      propertyPath: m_LocalRotation.z
      value: 0
      objectReference: {fileID: 0}
    - target: {fileID: 224097195149457474, guid: 06447f5588a26054bb0a97b96b2b2f19,
        type: 2}
      propertyPath: m_LocalRotation.w
      value: 1
      objectReference: {fileID: 0}
    - target: {fileID: 224097195149457474, guid: 06447f5588a26054bb0a97b96b2b2f19,
        type: 2}
      propertyPath: m_RootOrder
      value: 0
      objectReference: {fileID: 0}
    - target: {fileID: 224097195149457474, guid: 06447f5588a26054bb0a97b96b2b2f19,
        type: 2}
      propertyPath: m_AnchoredPosition.x
      value: 0
      objectReference: {fileID: 0}
    - target: {fileID: 224097195149457474, guid: 06447f5588a26054bb0a97b96b2b2f19,
        type: 2}
      propertyPath: m_AnchoredPosition.y
      value: -80
      objectReference: {fileID: 0}
    - target: {fileID: 224097195149457474, guid: 06447f5588a26054bb0a97b96b2b2f19,
        type: 2}
      propertyPath: m_SizeDelta.x
      value: 157.5
      objectReference: {fileID: 0}
    - target: {fileID: 224097195149457474, guid: 06447f5588a26054bb0a97b96b2b2f19,
        type: 2}
      propertyPath: m_SizeDelta.y
      value: 31.5
      objectReference: {fileID: 0}
    - target: {fileID: 224097195149457474, guid: 06447f5588a26054bb0a97b96b2b2f19,
        type: 2}
      propertyPath: m_AnchorMin.x
      value: 0.5
      objectReference: {fileID: 0}
    - target: {fileID: 224097195149457474, guid: 06447f5588a26054bb0a97b96b2b2f19,
        type: 2}
      propertyPath: m_AnchorMin.y
      value: 1
      objectReference: {fileID: 0}
    - target: {fileID: 224097195149457474, guid: 06447f5588a26054bb0a97b96b2b2f19,
        type: 2}
      propertyPath: m_AnchorMax.x
      value: 0.5
      objectReference: {fileID: 0}
    - target: {fileID: 224097195149457474, guid: 06447f5588a26054bb0a97b96b2b2f19,
        type: 2}
      propertyPath: m_AnchorMax.y
      value: 1
      objectReference: {fileID: 0}
    - target: {fileID: 224097195149457474, guid: 06447f5588a26054bb0a97b96b2b2f19,
        type: 2}
      propertyPath: m_Pivot.x
      value: 0.5
      objectReference: {fileID: 0}
    - target: {fileID: 224097195149457474, guid: 06447f5588a26054bb0a97b96b2b2f19,
        type: 2}
      propertyPath: m_Pivot.y
      value: 1
      objectReference: {fileID: 0}
    - target: {fileID: 1053240841675476, guid: 06447f5588a26054bb0a97b96b2b2f19, type: 2}
      propertyPath: m_Name
      value: AnnouncementPanel
      objectReference: {fileID: 0}
    m_RemovedComponents: []
  m_ParentPrefab: {fileID: 100100000, guid: 06447f5588a26054bb0a97b96b2b2f19, type: 2}
  m_IsPrefabParent: 0
--- !u!224 &639601593 stripped
RectTransform:
  m_PrefabParentObject: {fileID: 224486907427282716, guid: bd8096c1f3d384a51a03cad41a750ae9,
    type: 2}
  m_PrefabInternal: {fileID: 2054436279}
--- !u!4 &645382302 stripped
Transform:
  m_PrefabParentObject: {fileID: 4557474570080074, guid: 3144b57d6ff6a4a2684e3a6517fce5ef,
    type: 2}
  m_PrefabInternal: {fileID: 707632518}
--- !u!224 &679825890 stripped
RectTransform:
  m_PrefabParentObject: {fileID: 224240061589400214, guid: 0bdfdb17e031f4475bf343d519c26d22,
    type: 2}
  m_PrefabInternal: {fileID: 268683831}
--- !u!1001 &683660247
Prefab:
  m_ObjectHideFlags: 0
  serializedVersion: 2
  m_Modification:
    m_TransformParent: {fileID: 917308591}
    m_Modifications:
    - target: {fileID: 224527976964735430, guid: 9a647524bbc034e27801a16f2cf651eb,
        type: 2}
      propertyPath: m_LocalPosition.x
      value: 0
      objectReference: {fileID: 0}
    - target: {fileID: 224527976964735430, guid: 9a647524bbc034e27801a16f2cf651eb,
        type: 2}
      propertyPath: m_LocalPosition.y
      value: 0
      objectReference: {fileID: 0}
    - target: {fileID: 224527976964735430, guid: 9a647524bbc034e27801a16f2cf651eb,
        type: 2}
      propertyPath: m_LocalPosition.z
      value: 0
      objectReference: {fileID: 0}
    - target: {fileID: 224527976964735430, guid: 9a647524bbc034e27801a16f2cf651eb,
        type: 2}
      propertyPath: m_LocalRotation.x
      value: 0
      objectReference: {fileID: 0}
    - target: {fileID: 224527976964735430, guid: 9a647524bbc034e27801a16f2cf651eb,
        type: 2}
      propertyPath: m_LocalRotation.y
      value: 0
      objectReference: {fileID: 0}
    - target: {fileID: 224527976964735430, guid: 9a647524bbc034e27801a16f2cf651eb,
        type: 2}
      propertyPath: m_LocalRotation.z
      value: 0
      objectReference: {fileID: 0}
    - target: {fileID: 224527976964735430, guid: 9a647524bbc034e27801a16f2cf651eb,
        type: 2}
      propertyPath: m_LocalRotation.w
      value: 1
      objectReference: {fileID: 0}
    - target: {fileID: 224527976964735430, guid: 9a647524bbc034e27801a16f2cf651eb,
        type: 2}
      propertyPath: m_RootOrder
      value: 6
      objectReference: {fileID: 0}
    - target: {fileID: 224527976964735430, guid: 9a647524bbc034e27801a16f2cf651eb,
        type: 2}
      propertyPath: m_AnchoredPosition.x
      value: 0
      objectReference: {fileID: 0}
    - target: {fileID: 224527976964735430, guid: 9a647524bbc034e27801a16f2cf651eb,
        type: 2}
      propertyPath: m_AnchoredPosition.y
      value: 0
      objectReference: {fileID: 0}
    - target: {fileID: 224527976964735430, guid: 9a647524bbc034e27801a16f2cf651eb,
        type: 2}
      propertyPath: m_SizeDelta.x
      value: 0
      objectReference: {fileID: 0}
    - target: {fileID: 224527976964735430, guid: 9a647524bbc034e27801a16f2cf651eb,
        type: 2}
      propertyPath: m_SizeDelta.y
      value: 0
      objectReference: {fileID: 0}
    - target: {fileID: 224527976964735430, guid: 9a647524bbc034e27801a16f2cf651eb,
        type: 2}
      propertyPath: m_AnchorMin.x
      value: 0
      objectReference: {fileID: 0}
    - target: {fileID: 224527976964735430, guid: 9a647524bbc034e27801a16f2cf651eb,
        type: 2}
      propertyPath: m_AnchorMin.y
      value: 0
      objectReference: {fileID: 0}
    - target: {fileID: 224527976964735430, guid: 9a647524bbc034e27801a16f2cf651eb,
        type: 2}
      propertyPath: m_AnchorMax.x
      value: 1
      objectReference: {fileID: 0}
    - target: {fileID: 224527976964735430, guid: 9a647524bbc034e27801a16f2cf651eb,
        type: 2}
      propertyPath: m_AnchorMax.y
      value: 1
      objectReference: {fileID: 0}
    - target: {fileID: 224527976964735430, guid: 9a647524bbc034e27801a16f2cf651eb,
        type: 2}
      propertyPath: m_Pivot.x
      value: 0.5
      objectReference: {fileID: 0}
    - target: {fileID: 224527976964735430, guid: 9a647524bbc034e27801a16f2cf651eb,
        type: 2}
      propertyPath: m_Pivot.y
      value: 0.5
      objectReference: {fileID: 0}
    - target: {fileID: 1911272102127398, guid: 9a647524bbc034e27801a16f2cf651eb, type: 2}
      propertyPath: m_IsActive
      value: 0
      objectReference: {fileID: 0}
    m_RemovedComponents: []
  m_ParentPrefab: {fileID: 100100000, guid: 9a647524bbc034e27801a16f2cf651eb, type: 2}
  m_IsPrefabParent: 0
--- !u!1001 &707632518
Prefab:
  m_ObjectHideFlags: 0
  serializedVersion: 2
  m_Modification:
    m_TransformParent: {fileID: 917308591}
    m_Modifications:
    - target: {fileID: 4557474570080074, guid: 3144b57d6ff6a4a2684e3a6517fce5ef, type: 2}
      propertyPath: m_LocalPosition.x
      value: 0
      objectReference: {fileID: 0}
    - target: {fileID: 4557474570080074, guid: 3144b57d6ff6a4a2684e3a6517fce5ef, type: 2}
      propertyPath: m_LocalPosition.y
      value: 0
      objectReference: {fileID: 0}
    - target: {fileID: 4557474570080074, guid: 3144b57d6ff6a4a2684e3a6517fce5ef, type: 2}
      propertyPath: m_LocalPosition.z
      value: 0
      objectReference: {fileID: 0}
    - target: {fileID: 4557474570080074, guid: 3144b57d6ff6a4a2684e3a6517fce5ef, type: 2}
      propertyPath: m_LocalRotation.x
      value: -0
      objectReference: {fileID: 0}
    - target: {fileID: 4557474570080074, guid: 3144b57d6ff6a4a2684e3a6517fce5ef, type: 2}
      propertyPath: m_LocalRotation.y
      value: -0
      objectReference: {fileID: 0}
    - target: {fileID: 4557474570080074, guid: 3144b57d6ff6a4a2684e3a6517fce5ef, type: 2}
      propertyPath: m_LocalRotation.z
      value: -0
      objectReference: {fileID: 0}
    - target: {fileID: 4557474570080074, guid: 3144b57d6ff6a4a2684e3a6517fce5ef, type: 2}
      propertyPath: m_LocalRotation.w
      value: 1
      objectReference: {fileID: 0}
    - target: {fileID: 4557474570080074, guid: 3144b57d6ff6a4a2684e3a6517fce5ef, type: 2}
      propertyPath: m_RootOrder
      value: 5
      objectReference: {fileID: 0}
    m_RemovedComponents: []
  m_ParentPrefab: {fileID: 100100000, guid: 3144b57d6ff6a4a2684e3a6517fce5ef, type: 2}
  m_IsPrefabParent: 0
--- !u!1001 &723753727
Prefab:
  m_ObjectHideFlags: 0
  serializedVersion: 2
  m_Modification:
    m_TransformParent: {fileID: 917308591}
    m_Modifications:
    - target: {fileID: 224706807949247176, guid: 5b99743077e8648bcbcbca96eb979eed,
        type: 2}
      propertyPath: m_LocalPosition.x
      value: 0
      objectReference: {fileID: 0}
    - target: {fileID: 224706807949247176, guid: 5b99743077e8648bcbcbca96eb979eed,
        type: 2}
      propertyPath: m_LocalPosition.y
      value: 0
      objectReference: {fileID: 0}
    - target: {fileID: 224706807949247176, guid: 5b99743077e8648bcbcbca96eb979eed,
        type: 2}
      propertyPath: m_LocalPosition.z
      value: 0
      objectReference: {fileID: 0}
    - target: {fileID: 224706807949247176, guid: 5b99743077e8648bcbcbca96eb979eed,
        type: 2}
      propertyPath: m_LocalRotation.x
      value: -0
      objectReference: {fileID: 0}
    - target: {fileID: 224706807949247176, guid: 5b99743077e8648bcbcbca96eb979eed,
        type: 2}
      propertyPath: m_LocalRotation.y
      value: -0
      objectReference: {fileID: 0}
    - target: {fileID: 224706807949247176, guid: 5b99743077e8648bcbcbca96eb979eed,
        type: 2}
      propertyPath: m_LocalRotation.z
      value: -0
      objectReference: {fileID: 0}
    - target: {fileID: 224706807949247176, guid: 5b99743077e8648bcbcbca96eb979eed,
        type: 2}
      propertyPath: m_LocalRotation.w
      value: 1
      objectReference: {fileID: 0}
    - target: {fileID: 224706807949247176, guid: 5b99743077e8648bcbcbca96eb979eed,
        type: 2}
      propertyPath: m_RootOrder
      value: 7
      objectReference: {fileID: 0}
    - target: {fileID: 224706807949247176, guid: 5b99743077e8648bcbcbca96eb979eed,
        type: 2}
      propertyPath: m_AnchoredPosition.x
      value: 0
      objectReference: {fileID: 0}
    - target: {fileID: 224706807949247176, guid: 5b99743077e8648bcbcbca96eb979eed,
        type: 2}
      propertyPath: m_AnchoredPosition.y
      value: 0
      objectReference: {fileID: 0}
    - target: {fileID: 224706807949247176, guid: 5b99743077e8648bcbcbca96eb979eed,
        type: 2}
      propertyPath: m_SizeDelta.x
      value: 600
      objectReference: {fileID: 0}
    - target: {fileID: 224706807949247176, guid: 5b99743077e8648bcbcbca96eb979eed,
        type: 2}
      propertyPath: m_SizeDelta.y
      value: 300
      objectReference: {fileID: 0}
    - target: {fileID: 224706807949247176, guid: 5b99743077e8648bcbcbca96eb979eed,
        type: 2}
      propertyPath: m_AnchorMin.x
      value: 0.5
      objectReference: {fileID: 0}
    - target: {fileID: 224706807949247176, guid: 5b99743077e8648bcbcbca96eb979eed,
        type: 2}
      propertyPath: m_AnchorMin.y
      value: 0.5
      objectReference: {fileID: 0}
    - target: {fileID: 224706807949247176, guid: 5b99743077e8648bcbcbca96eb979eed,
        type: 2}
      propertyPath: m_AnchorMax.x
      value: 0.5
      objectReference: {fileID: 0}
    - target: {fileID: 224706807949247176, guid: 5b99743077e8648bcbcbca96eb979eed,
        type: 2}
      propertyPath: m_AnchorMax.y
      value: 0.5
      objectReference: {fileID: 0}
    - target: {fileID: 224706807949247176, guid: 5b99743077e8648bcbcbca96eb979eed,
        type: 2}
      propertyPath: m_Pivot.x
      value: 0.5
      objectReference: {fileID: 0}
    - target: {fileID: 224706807949247176, guid: 5b99743077e8648bcbcbca96eb979eed,
        type: 2}
      propertyPath: m_Pivot.y
      value: 0.5
      objectReference: {fileID: 0}
    - target: {fileID: 224105935686729294, guid: 5b99743077e8648bcbcbca96eb979eed,
        type: 2}
      propertyPath: m_LocalPosition.x
      value: 0
      objectReference: {fileID: 0}
    - target: {fileID: 224105935686729294, guid: 5b99743077e8648bcbcbca96eb979eed,
        type: 2}
      propertyPath: m_LocalPosition.y
      value: 0
      objectReference: {fileID: 0}
    - target: {fileID: 224186362925248516, guid: 5b99743077e8648bcbcbca96eb979eed,
        type: 2}
      propertyPath: m_LocalPosition.x
      value: 0
      objectReference: {fileID: 0}
    - target: {fileID: 224186362925248516, guid: 5b99743077e8648bcbcbca96eb979eed,
        type: 2}
      propertyPath: m_LocalPosition.y
      value: 0
      objectReference: {fileID: 0}
    - target: {fileID: 224407831585862888, guid: 5b99743077e8648bcbcbca96eb979eed,
        type: 2}
      propertyPath: m_LocalPosition.y
      value: 41
      objectReference: {fileID: 0}
    - target: {fileID: 224844511710977930, guid: 5b99743077e8648bcbcbca96eb979eed,
        type: 2}
      propertyPath: m_LocalPosition.y
      value: 20
      objectReference: {fileID: 0}
    - target: {fileID: 224460638049953852, guid: 5b99743077e8648bcbcbca96eb979eed,
        type: 2}
      propertyPath: m_LocalPosition.y
      value: -10
      objectReference: {fileID: 0}
    - target: {fileID: 224867261002878166, guid: 5b99743077e8648bcbcbca96eb979eed,
        type: 2}
      propertyPath: m_LocalPosition.y
      value: -75
      objectReference: {fileID: 0}
    - target: {fileID: 224015964168057362, guid: 5b99743077e8648bcbcbca96eb979eed,
        type: 2}
      propertyPath: m_LocalPosition.y
      value: -158.50015
      objectReference: {fileID: 0}
    - target: {fileID: 224214128008301584, guid: 5b99743077e8648bcbcbca96eb979eed,
        type: 2}
      propertyPath: m_LocalPosition.y
      value: 35
      objectReference: {fileID: 0}
    - target: {fileID: 224500047429651728, guid: 5b99743077e8648bcbcbca96eb979eed,
        type: 2}
      propertyPath: m_LocalPosition.y
      value: 5
      objectReference: {fileID: 0}
    - target: {fileID: 224574561857661444, guid: 5b99743077e8648bcbcbca96eb979eed,
        type: 2}
      propertyPath: m_LocalPosition.y
      value: -30
      objectReference: {fileID: 0}
    - target: {fileID: 224867261002878166, guid: 5b99743077e8648bcbcbca96eb979eed,
        type: 2}
      propertyPath: m_LocalPosition.x
      value: 0
      objectReference: {fileID: 0}
    - target: {fileID: 224798949267924850, guid: 5b99743077e8648bcbcbca96eb979eed,
        type: 2}
      propertyPath: m_LocalPosition.x
      value: 0
      objectReference: {fileID: 0}
    - target: {fileID: 224668537648611862, guid: 5b99743077e8648bcbcbca96eb979eed,
        type: 2}
      propertyPath: m_LocalPosition.x
      value: -0.0000076293945
      objectReference: {fileID: 0}
    - target: {fileID: 224174580324581424, guid: 5b99743077e8648bcbcbca96eb979eed,
        type: 2}
      propertyPath: m_LocalPosition.x
      value: -0.0000076293945
      objectReference: {fileID: 0}
    - target: {fileID: 224015964168057362, guid: 5b99743077e8648bcbcbca96eb979eed,
        type: 2}
      propertyPath: m_LocalPosition.x
      value: 0.00010681152
      objectReference: {fileID: 0}
    - target: {fileID: 224668537648611862, guid: 5b99743077e8648bcbcbca96eb979eed,
        type: 2}
      propertyPath: m_LocalPosition.y
      value: -102.49975
      objectReference: {fileID: 0}
    - target: {fileID: 224174580324581424, guid: 5b99743077e8648bcbcbca96eb979eed,
        type: 2}
      propertyPath: m_LocalPosition.y
      value: -130.50018
      objectReference: {fileID: 0}
    - target: {fileID: 224798949267924850, guid: 5b99743077e8648bcbcbca96eb979eed,
        type: 2}
      propertyPath: m_LocalPosition.y
      value: -105
      objectReference: {fileID: 0}
    - target: {fileID: 224448301429569336, guid: 5b99743077e8648bcbcbca96eb979eed,
        type: 2}
      propertyPath: m_LocalPosition.y
      value: 0
      objectReference: {fileID: 0}
    - target: {fileID: 224089808665012316, guid: 5b99743077e8648bcbcbca96eb979eed,
        type: 2}
      propertyPath: m_LocalPosition.y
      value: 0
      objectReference: {fileID: 0}
    - target: {fileID: 1917234375530352, guid: 5b99743077e8648bcbcbca96eb979eed, type: 2}
      propertyPath: m_IsActive
      value: 0
      objectReference: {fileID: 0}
    m_RemovedComponents: []
  m_ParentPrefab: {fileID: 100100000, guid: 5b99743077e8648bcbcbca96eb979eed, type: 2}
  m_IsPrefabParent: 0
--- !u!224 &740808469 stripped
RectTransform:
  m_PrefabParentObject: {fileID: 224888889101710640, guid: 41513f1d59e10544b9df702e9f8623e8,
    type: 2}
  m_PrefabInternal: {fileID: 431227996}
--- !u!20 &817896575 stripped
Camera:
  m_PrefabParentObject: {fileID: 20173843178734800, guid: 047770439ea394bd8bb686d12a3eadc4,
    type: 2}
  m_PrefabInternal: {fileID: 240774323}
--- !u!1 &917308590
GameObject:
  m_ObjectHideFlags: 0
  m_PrefabParentObject: {fileID: 0}
  m_PrefabInternal: {fileID: 0}
  serializedVersion: 5
  m_Component:
  - component: {fileID: 917308591}
  - component: {fileID: 917308594}
  - component: {fileID: 917308593}
  - component: {fileID: 917308592}
  m_Layer: 5
  m_Name: HudCanvas
  m_TagString: Untagged
  m_Icon: {fileID: 0}
  m_NavMeshLayer: 0
  m_StaticEditorFlags: 0
  m_IsActive: 1
--- !u!224 &917308591
RectTransform:
  m_ObjectHideFlags: 0
  m_PrefabParentObject: {fileID: 0}
  m_PrefabInternal: {fileID: 0}
  m_GameObject: {fileID: 917308590}
  m_LocalRotation: {x: 0, y: 0, z: 0, w: 1}
  m_LocalPosition: {x: 0, y: 0, z: 0}
  m_LocalScale: {x: 0, y: 0, z: 0}
  m_Children:
  - {fileID: 978355355}
  - {fileID: 1689459332}
  - {fileID: 1013588823}
  - {fileID: 679825890}
  - {fileID: 1386748344}
  - {fileID: 645382302}
  - {fileID: 137469774}
  - {fileID: 128134118}
  - {fileID: 1758092846}
  - {fileID: 740808469}
  - {fileID: 639601593}
  m_Father: {fileID: 0}
  m_RootOrder: 0
  m_LocalEulerAnglesHint: {x: 0, y: 0, z: 0}
  m_AnchorMin: {x: 0, y: 0}
  m_AnchorMax: {x: 0, y: 0}
  m_AnchoredPosition: {x: 0, y: 0}
  m_SizeDelta: {x: 0, y: 0}
  m_Pivot: {x: 0, y: 0}
--- !u!114 &917308592
MonoBehaviour:
  m_ObjectHideFlags: 0
  m_PrefabParentObject: {fileID: 0}
  m_PrefabInternal: {fileID: 0}
  m_GameObject: {fileID: 917308590}
  m_Enabled: 1
  m_EditorHideFlags: 0
  m_Script: {fileID: 1301386320, guid: f70555f144d8491a825f0804e09c671c, type: 3}
  m_Name: 
  m_EditorClassIdentifier: 
  m_IgnoreReversedGraphics: 1
  m_BlockingObjects: 0
  m_BlockingMask:
    serializedVersion: 2
    m_Bits: 4294967295
--- !u!114 &917308593
MonoBehaviour:
  m_ObjectHideFlags: 0
  m_PrefabParentObject: {fileID: 0}
  m_PrefabInternal: {fileID: 0}
  m_GameObject: {fileID: 917308590}
  m_Enabled: 1
  m_EditorHideFlags: 0
  m_Script: {fileID: 1980459831, guid: f70555f144d8491a825f0804e09c671c, type: 3}
  m_Name: 
  m_EditorClassIdentifier: 
  m_UiScaleMode: 1
  m_ReferencePixelsPerUnit: 100
  m_ScaleFactor: 1
  m_ReferenceResolution: {x: 1024, y: 768}
  m_ScreenMatchMode: 0
  m_MatchWidthOrHeight: 0.19
  m_PhysicalUnit: 3
  m_FallbackScreenDPI: 96
  m_DefaultSpriteDPI: 96
  m_DynamicPixelsPerUnit: 1
--- !u!223 &917308594
Canvas:
  m_ObjectHideFlags: 0
  m_PrefabParentObject: {fileID: 0}
  m_PrefabInternal: {fileID: 0}
  m_GameObject: {fileID: 917308590}
  m_Enabled: 1
  serializedVersion: 3
  m_RenderMode: 1
  m_Camera: {fileID: 817896575}
  m_PlaneDistance: 100
  m_PixelPerfect: 0
  m_ReceivesEvents: 1
  m_OverrideSorting: 0
  m_OverridePixelPerfect: 0
  m_SortingBucketNormalizedSize: 0
  m_AdditionalShaderChannelsFlag: 25
  m_SortingLayerID: 0
  m_SortingOrder: 0
  m_TargetDisplay: 0
--- !u!224 &978355355 stripped
RectTransform:
  m_PrefabParentObject: {fileID: 224097195149457474, guid: 06447f5588a26054bb0a97b96b2b2f19,
    type: 2}
  m_PrefabInternal: {fileID: 537934040}
--- !u!224 &1013588823 stripped
RectTransform:
  m_PrefabParentObject: {fileID: 224127283268787282, guid: 5bdbcfec152e0470ea7bc5aa88384e1f,
    type: 2}
  m_PrefabInternal: {fileID: 1443144732}
--- !u!114 &1315717956 stripped
MonoBehaviour:
  m_PrefabParentObject: {fileID: 114999751148941566, guid: 047770439ea394bd8bb686d12a3eadc4,
    type: 2}
  m_PrefabInternal: {fileID: 240774323}
  m_Script: {fileID: 11500000, guid: db9a0b6c725c84a1cb9f6b3045f4a204, type: 3}
--- !u!224 &1386748344 stripped
RectTransform:
  m_PrefabParentObject: {fileID: 224162000902625770, guid: aa948feb267d1a94f8b2f3134704b21d,
    type: 2}
  m_PrefabInternal: {fileID: 1593558125}
--- !u!1001 &1443144732
Prefab:
  m_ObjectHideFlags: 0
  serializedVersion: 2
  m_Modification:
    m_TransformParent: {fileID: 917308591}
    m_Modifications:
    - target: {fileID: 224127283268787282, guid: 5bdbcfec152e0470ea7bc5aa88384e1f,
        type: 2}
      propertyPath: m_LocalPosition.x
      value: 0
      objectReference: {fileID: 0}
    - target: {fileID: 224127283268787282, guid: 5bdbcfec152e0470ea7bc5aa88384e1f,
        type: 2}
      propertyPath: m_LocalPosition.y
      value: 0
      objectReference: {fileID: 0}
    - target: {fileID: 224127283268787282, guid: 5bdbcfec152e0470ea7bc5aa88384e1f,
        type: 2}
      propertyPath: m_LocalPosition.z
      value: 0
      objectReference: {fileID: 0}
    - target: {fileID: 224127283268787282, guid: 5bdbcfec152e0470ea7bc5aa88384e1f,
        type: 2}
      propertyPath: m_LocalRotation.x
      value: -0
      objectReference: {fileID: 0}
    - target: {fileID: 224127283268787282, guid: 5bdbcfec152e0470ea7bc5aa88384e1f,
        type: 2}
      propertyPath: m_LocalRotation.y
      value: -0
      objectReference: {fileID: 0}
    - target: {fileID: 224127283268787282, guid: 5bdbcfec152e0470ea7bc5aa88384e1f,
        type: 2}
      propertyPath: m_LocalRotation.z
      value: -0
      objectReference: {fileID: 0}
    - target: {fileID: 224127283268787282, guid: 5bdbcfec152e0470ea7bc5aa88384e1f,
        type: 2}
      propertyPath: m_LocalRotation.w
      value: 1
      objectReference: {fileID: 0}
    - target: {fileID: 224127283268787282, guid: 5bdbcfec152e0470ea7bc5aa88384e1f,
        type: 2}
      propertyPath: m_RootOrder
      value: 2
      objectReference: {fileID: 0}
    - target: {fileID: 224127283268787282, guid: 5bdbcfec152e0470ea7bc5aa88384e1f,
        type: 2}
      propertyPath: m_AnchoredPosition.x
      value: -85
      objectReference: {fileID: 0}
    - target: {fileID: 224127283268787282, guid: 5bdbcfec152e0470ea7bc5aa88384e1f,
        type: 2}
      propertyPath: m_AnchoredPosition.y
      value: 75.12988
      objectReference: {fileID: 0}
    - target: {fileID: 224127283268787282, guid: 5bdbcfec152e0470ea7bc5aa88384e1f,
        type: 2}
      propertyPath: m_SizeDelta.x
      value: 170
      objectReference: {fileID: 0}
    - target: {fileID: 224127283268787282, guid: 5bdbcfec152e0470ea7bc5aa88384e1f,
        type: 2}
      propertyPath: m_SizeDelta.y
      value: 150
      objectReference: {fileID: 0}
    - target: {fileID: 224127283268787282, guid: 5bdbcfec152e0470ea7bc5aa88384e1f,
        type: 2}
      propertyPath: m_AnchorMin.x
      value: 1
      objectReference: {fileID: 0}
    - target: {fileID: 224127283268787282, guid: 5bdbcfec152e0470ea7bc5aa88384e1f,
        type: 2}
      propertyPath: m_AnchorMin.y
      value: 0
      objectReference: {fileID: 0}
    - target: {fileID: 224127283268787282, guid: 5bdbcfec152e0470ea7bc5aa88384e1f,
        type: 2}
      propertyPath: m_AnchorMax.x
      value: 1
      objectReference: {fileID: 0}
    - target: {fileID: 224127283268787282, guid: 5bdbcfec152e0470ea7bc5aa88384e1f,
        type: 2}
      propertyPath: m_AnchorMax.y
      value: 0
      objectReference: {fileID: 0}
    - target: {fileID: 224127283268787282, guid: 5bdbcfec152e0470ea7bc5aa88384e1f,
        type: 2}
      propertyPath: m_Pivot.x
      value: 0.5
      objectReference: {fileID: 0}
    - target: {fileID: 224127283268787282, guid: 5bdbcfec152e0470ea7bc5aa88384e1f,
        type: 2}
      propertyPath: m_Pivot.y
      value: 0.5
      objectReference: {fileID: 0}
    - target: {fileID: 1993560329410882, guid: 5bdbcfec152e0470ea7bc5aa88384e1f, type: 2}
      propertyPath: m_IsActive
      value: 1
      objectReference: {fileID: 0}
    m_RemovedComponents: []
  m_ParentPrefab: {fileID: 100100000, guid: 5bdbcfec152e0470ea7bc5aa88384e1f, type: 2}
  m_IsPrefabParent: 0
--- !u!1001 &1593558125
Prefab:
  m_ObjectHideFlags: 0
  serializedVersion: 2
  m_Modification:
    m_TransformParent: {fileID: 917308591}
    m_Modifications:
    - target: {fileID: 224162000902625770, guid: aa948feb267d1a94f8b2f3134704b21d,
        type: 2}
      propertyPath: m_LocalPosition.x
      value: 0
      objectReference: {fileID: 0}
    - target: {fileID: 224162000902625770, guid: aa948feb267d1a94f8b2f3134704b21d,
        type: 2}
      propertyPath: m_LocalPosition.y
      value: 0
      objectReference: {fileID: 0}
    - target: {fileID: 224162000902625770, guid: aa948feb267d1a94f8b2f3134704b21d,
        type: 2}
      propertyPath: m_LocalPosition.z
      value: 0
      objectReference: {fileID: 0}
    - target: {fileID: 224162000902625770, guid: aa948feb267d1a94f8b2f3134704b21d,
        type: 2}
      propertyPath: m_LocalRotation.x
      value: -0
      objectReference: {fileID: 0}
    - target: {fileID: 224162000902625770, guid: aa948feb267d1a94f8b2f3134704b21d,
        type: 2}
      propertyPath: m_LocalRotation.y
      value: -0
      objectReference: {fileID: 0}
    - target: {fileID: 224162000902625770, guid: aa948feb267d1a94f8b2f3134704b21d,
        type: 2}
      propertyPath: m_LocalRotation.z
      value: -0
      objectReference: {fileID: 0}
    - target: {fileID: 224162000902625770, guid: aa948feb267d1a94f8b2f3134704b21d,
        type: 2}
      propertyPath: m_LocalRotation.w
      value: 1
      objectReference: {fileID: 0}
    - target: {fileID: 224162000902625770, guid: aa948feb267d1a94f8b2f3134704b21d,
        type: 2}
      propertyPath: m_RootOrder
      value: 4
      objectReference: {fileID: 0}
    - target: {fileID: 224162000902625770, guid: aa948feb267d1a94f8b2f3134704b21d,
        type: 2}
      propertyPath: m_AnchoredPosition.x
      value: 0
      objectReference: {fileID: 0}
    - target: {fileID: 224162000902625770, guid: aa948feb267d1a94f8b2f3134704b21d,
        type: 2}
      propertyPath: m_AnchoredPosition.y
      value: 150
      objectReference: {fileID: 0}
    - target: {fileID: 224162000902625770, guid: aa948feb267d1a94f8b2f3134704b21d,
        type: 2}
      propertyPath: m_SizeDelta.x
      value: 160
      objectReference: {fileID: 0}
    - target: {fileID: 224162000902625770, guid: aa948feb267d1a94f8b2f3134704b21d,
        type: 2}
      propertyPath: m_SizeDelta.y
      value: 30
      objectReference: {fileID: 0}
    - target: {fileID: 224162000902625770, guid: aa948feb267d1a94f8b2f3134704b21d,
        type: 2}
      propertyPath: m_AnchorMin.x
      value: 1
      objectReference: {fileID: 0}
    - target: {fileID: 224162000902625770, guid: aa948feb267d1a94f8b2f3134704b21d,
        type: 2}
      propertyPath: m_AnchorMin.y
      value: 0
      objectReference: {fileID: 0}
    - target: {fileID: 224162000902625770, guid: aa948feb267d1a94f8b2f3134704b21d,
        type: 2}
      propertyPath: m_AnchorMax.x
      value: 1
      objectReference: {fileID: 0}
    - target: {fileID: 224162000902625770, guid: aa948feb267d1a94f8b2f3134704b21d,
        type: 2}
      propertyPath: m_AnchorMax.y
      value: 0
      objectReference: {fileID: 0}
    - target: {fileID: 224162000902625770, guid: aa948feb267d1a94f8b2f3134704b21d,
        type: 2}
      propertyPath: m_Pivot.x
      value: 1
      objectReference: {fileID: 0}
    - target: {fileID: 224162000902625770, guid: aa948feb267d1a94f8b2f3134704b21d,
        type: 2}
      propertyPath: m_Pivot.y
      value: 1
      objectReference: {fileID: 0}
    - target: {fileID: 1086419612177266, guid: aa948feb267d1a94f8b2f3134704b21d, type: 2}
      propertyPath: m_IsActive
      value: 1
      objectReference: {fileID: 0}
    m_RemovedComponents: []
  m_ParentPrefab: {fileID: 100100000, guid: aa948feb267d1a94f8b2f3134704b21d, type: 2}
  m_IsPrefabParent: 0
--- !u!1001 &1689459331
Prefab:
  m_ObjectHideFlags: 0
  serializedVersion: 2
  m_Modification:
    m_TransformParent: {fileID: 917308591}
    m_Modifications:
    - target: {fileID: 224317922559491714, guid: 9ed5041d42c420e408c4c481f4d14a4d,
        type: 2}
      propertyPath: m_LocalPosition.x
      value: 0
      objectReference: {fileID: 0}
    - target: {fileID: 224317922559491714, guid: 9ed5041d42c420e408c4c481f4d14a4d,
        type: 2}
      propertyPath: m_LocalPosition.y
      value: 0
      objectReference: {fileID: 0}
    - target: {fileID: 224317922559491714, guid: 9ed5041d42c420e408c4c481f4d14a4d,
        type: 2}
      propertyPath: m_LocalPosition.z
      value: 0
      objectReference: {fileID: 0}
    - target: {fileID: 224317922559491714, guid: 9ed5041d42c420e408c4c481f4d14a4d,
        type: 2}
      propertyPath: m_LocalRotation.x
      value: 0
      objectReference: {fileID: 0}
    - target: {fileID: 224317922559491714, guid: 9ed5041d42c420e408c4c481f4d14a4d,
        type: 2}
      propertyPath: m_LocalRotation.y
      value: 0
      objectReference: {fileID: 0}
    - target: {fileID: 224317922559491714, guid: 9ed5041d42c420e408c4c481f4d14a4d,
        type: 2}
      propertyPath: m_LocalRotation.z
      value: 0
      objectReference: {fileID: 0}
    - target: {fileID: 224317922559491714, guid: 9ed5041d42c420e408c4c481f4d14a4d,
        type: 2}
      propertyPath: m_LocalRotation.w
      value: 1
      objectReference: {fileID: 0}
    - target: {fileID: 224317922559491714, guid: 9ed5041d42c420e408c4c481f4d14a4d,
        type: 2}
      propertyPath: m_RootOrder
      value: 1
      objectReference: {fileID: 0}
    - target: {fileID: 224317922559491714, guid: 9ed5041d42c420e408c4c481f4d14a4d,
        type: 2}
      propertyPath: m_AnchoredPosition.x
      value: 450
      objectReference: {fileID: 0}
    - target: {fileID: 224317922559491714, guid: 9ed5041d42c420e408c4c481f4d14a4d,
        type: 2}
      propertyPath: m_AnchoredPosition.y
      value: 0
      objectReference: {fileID: 0}
    - target: {fileID: 224317922559491714, guid: 9ed5041d42c420e408c4c481f4d14a4d,
        type: 2}
      propertyPath: m_SizeDelta.x
      value: 220
      objectReference: {fileID: 0}
    - target: {fileID: 224317922559491714, guid: 9ed5041d42c420e408c4c481f4d14a4d,
        type: 2}
      propertyPath: m_SizeDelta.y
      value: 260
      objectReference: {fileID: 0}
    - target: {fileID: 224317922559491714, guid: 9ed5041d42c420e408c4c481f4d14a4d,
        type: 2}
      propertyPath: m_AnchorMin.x
      value: 0.5
      objectReference: {fileID: 0}
    - target: {fileID: 224317922559491714, guid: 9ed5041d42c420e408c4c481f4d14a4d,
        type: 2}
      propertyPath: m_AnchorMin.y
      value: 0.5
      objectReference: {fileID: 0}
    - target: {fileID: 224317922559491714, guid: 9ed5041d42c420e408c4c481f4d14a4d,
        type: 2}
      propertyPath: m_AnchorMax.x
      value: 0.5
      objectReference: {fileID: 0}
    - target: {fileID: 224317922559491714, guid: 9ed5041d42c420e408c4c481f4d14a4d,
        type: 2}
      propertyPath: m_AnchorMax.y
      value: 0.5
      objectReference: {fileID: 0}
    - target: {fileID: 224317922559491714, guid: 9ed5041d42c420e408c4c481f4d14a4d,
        type: 2}
      propertyPath: m_Pivot.x
      value: 0.5
      objectReference: {fileID: 0}
    - target: {fileID: 224317922559491714, guid: 9ed5041d42c420e408c4c481f4d14a4d,
        type: 2}
      propertyPath: m_Pivot.y
      value: 0.5
      objectReference: {fileID: 0}
    m_RemovedComponents: []
  m_ParentPrefab: {fileID: 100100000, guid: 9ed5041d42c420e408c4c481f4d14a4d, type: 2}
  m_IsPrefabParent: 0
--- !u!224 &1689459332 stripped
RectTransform:
  m_PrefabParentObject: {fileID: 224317922559491714, guid: 9ed5041d42c420e408c4c481f4d14a4d,
    type: 2}
  m_PrefabInternal: {fileID: 1689459331}
--- !u!224 &1758092846 stripped
RectTransform:
  m_PrefabParentObject: {fileID: 224094122389475046, guid: 1b690a1d3e88bea458f2a6d7024d446d,
    type: 2}
  m_PrefabInternal: {fileID: 1795797333}
--- !u!1001 &1795797333
Prefab:
  m_ObjectHideFlags: 0
  serializedVersion: 2
  m_Modification:
    m_TransformParent: {fileID: 917308591}
    m_Modifications:
    - target: {fileID: 224094122389475046, guid: 1b690a1d3e88bea458f2a6d7024d446d,
        type: 2}
      propertyPath: m_LocalPosition.x
      value: 0
      objectReference: {fileID: 0}
    - target: {fileID: 224094122389475046, guid: 1b690a1d3e88bea458f2a6d7024d446d,
        type: 2}
      propertyPath: m_LocalPosition.y
      value: 0
      objectReference: {fileID: 0}
    - target: {fileID: 224094122389475046, guid: 1b690a1d3e88bea458f2a6d7024d446d,
        type: 2}
      propertyPath: m_LocalPosition.z
      value: 0
      objectReference: {fileID: 0}
    - target: {fileID: 224094122389475046, guid: 1b690a1d3e88bea458f2a6d7024d446d,
        type: 2}
      propertyPath: m_LocalRotation.x
      value: -0
      objectReference: {fileID: 0}
    - target: {fileID: 224094122389475046, guid: 1b690a1d3e88bea458f2a6d7024d446d,
        type: 2}
      propertyPath: m_LocalRotation.y
      value: -0
      objectReference: {fileID: 0}
    - target: {fileID: 224094122389475046, guid: 1b690a1d3e88bea458f2a6d7024d446d,
        type: 2}
      propertyPath: m_LocalRotation.z
      value: -0
      objectReference: {fileID: 0}
    - target: {fileID: 224094122389475046, guid: 1b690a1d3e88bea458f2a6d7024d446d,
        type: 2}
      propertyPath: m_LocalRotation.w
      value: 1
      objectReference: {fileID: 0}
    - target: {fileID: 224094122389475046, guid: 1b690a1d3e88bea458f2a6d7024d446d,
        type: 2}
      propertyPath: m_RootOrder
      value: 8
      objectReference: {fileID: 0}
    - target: {fileID: 224094122389475046, guid: 1b690a1d3e88bea458f2a6d7024d446d,
        type: 2}
      propertyPath: m_AnchoredPosition.x
      value: 0
      objectReference: {fileID: 0}
    - target: {fileID: 224094122389475046, guid: 1b690a1d3e88bea458f2a6d7024d446d,
        type: 2}
      propertyPath: m_AnchoredPosition.y
      value: 0
      objectReference: {fileID: 0}
    - target: {fileID: 224094122389475046, guid: 1b690a1d3e88bea458f2a6d7024d446d,
        type: 2}
      propertyPath: m_SizeDelta.x
      value: 510.5
      objectReference: {fileID: 0}
    - target: {fileID: 224094122389475046, guid: 1b690a1d3e88bea458f2a6d7024d446d,
        type: 2}
      propertyPath: m_SizeDelta.y
      value: 410
      objectReference: {fileID: 0}
    - target: {fileID: 224094122389475046, guid: 1b690a1d3e88bea458f2a6d7024d446d,
        type: 2}
      propertyPath: m_AnchorMin.x
      value: 0.5
      objectReference: {fileID: 0}
    - target: {fileID: 224094122389475046, guid: 1b690a1d3e88bea458f2a6d7024d446d,
        type: 2}
      propertyPath: m_AnchorMin.y
      value: 0.5
      objectReference: {fileID: 0}
    - target: {fileID: 224094122389475046, guid: 1b690a1d3e88bea458f2a6d7024d446d,
        type: 2}
      propertyPath: m_AnchorMax.x
      value: 0.5
      objectReference: {fileID: 0}
    - target: {fileID: 224094122389475046, guid: 1b690a1d3e88bea458f2a6d7024d446d,
        type: 2}
      propertyPath: m_AnchorMax.y
      value: 0.5
      objectReference: {fileID: 0}
    - target: {fileID: 224094122389475046, guid: 1b690a1d3e88bea458f2a6d7024d446d,
        type: 2}
      propertyPath: m_Pivot.x
      value: 0.5
      objectReference: {fileID: 0}
    - target: {fileID: 224094122389475046, guid: 1b690a1d3e88bea458f2a6d7024d446d,
        type: 2}
      propertyPath: m_Pivot.y
      value: 0.5
      objectReference: {fileID: 0}
    m_RemovedComponents: []
  m_ParentPrefab: {fileID: 100100000, guid: 1b690a1d3e88bea458f2a6d7024d446d, type: 2}
  m_IsPrefabParent: 0
--- !u!1001 &2054436279
Prefab:
  m_ObjectHideFlags: 0
  serializedVersion: 2
  m_Modification:
    m_TransformParent: {fileID: 917308591}
    m_Modifications:
    - target: {fileID: 224486907427282716, guid: bd8096c1f3d384a51a03cad41a750ae9,
        type: 2}
      propertyPath: m_LocalPosition.x
      value: 0
      objectReference: {fileID: 0}
    - target: {fileID: 224486907427282716, guid: bd8096c1f3d384a51a03cad41a750ae9,
        type: 2}
      propertyPath: m_LocalPosition.y
      value: 0
      objectReference: {fileID: 0}
    - target: {fileID: 224486907427282716, guid: bd8096c1f3d384a51a03cad41a750ae9,
        type: 2}
      propertyPath: m_LocalPosition.z
      value: 0
      objectReference: {fileID: 0}
    - target: {fileID: 224486907427282716, guid: bd8096c1f3d384a51a03cad41a750ae9,
        type: 2}
      propertyPath: m_LocalRotation.x
      value: -0
      objectReference: {fileID: 0}
    - target: {fileID: 224486907427282716, guid: bd8096c1f3d384a51a03cad41a750ae9,
        type: 2}
      propertyPath: m_LocalRotation.y
      value: -0
      objectReference: {fileID: 0}
    - target: {fileID: 224486907427282716, guid: bd8096c1f3d384a51a03cad41a750ae9,
        type: 2}
      propertyPath: m_LocalRotation.z
      value: -0
      objectReference: {fileID: 0}
    - target: {fileID: 224486907427282716, guid: bd8096c1f3d384a51a03cad41a750ae9,
        type: 2}
      propertyPath: m_LocalRotation.w
      value: 1
      objectReference: {fileID: 0}
    - target: {fileID: 224486907427282716, guid: bd8096c1f3d384a51a03cad41a750ae9,
        type: 2}
      propertyPath: m_RootOrder
      value: 10
      objectReference: {fileID: 0}
    - target: {fileID: 224486907427282716, guid: bd8096c1f3d384a51a03cad41a750ae9,
        type: 2}
      propertyPath: m_AnchoredPosition.x
      value: 0
      objectReference: {fileID: 0}
    - target: {fileID: 224486907427282716, guid: bd8096c1f3d384a51a03cad41a750ae9,
        type: 2}
      propertyPath: m_AnchoredPosition.y
      value: 0
      objectReference: {fileID: 0}
    - target: {fileID: 224486907427282716, guid: bd8096c1f3d384a51a03cad41a750ae9,
        type: 2}
      propertyPath: m_SizeDelta.x
      value: 171
      objectReference: {fileID: 0}
    - target: {fileID: 224486907427282716, guid: bd8096c1f3d384a51a03cad41a750ae9,
        type: 2}
      propertyPath: m_SizeDelta.y
      value: 83
      objectReference: {fileID: 0}
    - target: {fileID: 224486907427282716, guid: bd8096c1f3d384a51a03cad41a750ae9,
        type: 2}
      propertyPath: m_AnchorMin.x
      value: 0
      objectReference: {fileID: 0}
    - target: {fileID: 224486907427282716, guid: bd8096c1f3d384a51a03cad41a750ae9,
        type: 2}
      propertyPath: m_AnchorMin.y
      value: 1
      objectReference: {fileID: 0}
    - target: {fileID: 224486907427282716, guid: bd8096c1f3d384a51a03cad41a750ae9,
        type: 2}
      propertyPath: m_AnchorMax.x
      value: 0
      objectReference: {fileID: 0}
    - target: {fileID: 224486907427282716, guid: bd8096c1f3d384a51a03cad41a750ae9,
        type: 2}
      propertyPath: m_AnchorMax.y
      value: 1
      objectReference: {fileID: 0}
    - target: {fileID: 224486907427282716, guid: bd8096c1f3d384a51a03cad41a750ae9,
        type: 2}
      propertyPath: m_Pivot.x
      value: 0
      objectReference: {fileID: 0}
    - target: {fileID: 224486907427282716, guid: bd8096c1f3d384a51a03cad41a750ae9,
        type: 2}
      propertyPath: m_Pivot.y
      value: 1
      objectReference: {fileID: 0}
    m_RemovedComponents: []
  m_ParentPrefab: {fileID: 100100000, guid: bd8096c1f3d384a51a03cad41a750ae9, type: 2}
  m_IsPrefabParent: 0
